1467 2401
396 83 482 123 AD
510 83 801 124 ATTICUM.
830 84 932 123 Lm.
963 84 1042 124 XI.
1075 86 1115 124 8.
1280 86 1338 132 79.

200 192 294 241 mei,
314 198 383 231 aut
400 204 478 231 non
490 194 665 245 probare,
679 207 769 246 quae
779 193 898 232 fiant:
921 207 1088 245 quorum
1101 195 1338 233 etsi‘utrum·

200 260 279 299 que
297 260 432 286 verum
461 255 542 293 est;
573 255 702 286 tamen
729 250 778 286 ab
803 248 880 286 illis
908 248 1047 287 dicitur
1075 249 1205 288 animo
1223 263 1247 288 a
1271 263 1337 289 me

199 302 381 350 alienato,
413 314 491 340 non
520 315 599 354 quo
625 302 679 341 ita
706 302 982 354 perspexerint.
1020 303 1110 352 Sed,
1139 312 1265 342 totum
1289 312 1335 342 ut

199 355 274 395 hoc
292 357 442 395 Balbus
462 357 661 404 sustineat,
683 365 720 395 et
739 357 907 409 Oppius,
922 364 959 396 et
978 371 1112 396 eorum
1128 358 1266 398 crebris
1285 359 1334 397 li-

199 410 290 449 teris
309 411 413 449 illius
428 412 606 450 voluntas
625 425 716 462 erga
729 425 793 450 me
805 412 1065 461 confirmetur,
1080 420 1118 451 et
1129 413 1201 451 hoc
1219 414 1336 465 plane

198 472 245 504 ut
263 466 345 510 fiat,
366 465 607 517 diligentiam
626 466 837 505 adhibebis.

252 519 436 558 Alterum
458 528 527 568 est,
549 534 616 559 cur
635 529 673 559 te
692 521 812 559 nolim
828 520 1018 560 discedere
1035 535 1046 567 ;
1077 521 1183 573 quod
1202 522 1334 562 scribis

198 573 376 612 Tulliam
389 574 609 626 efflagitare.
641 574 680 614 O
696 588 776 614 rem
790 575 971 614 miseram
991 576 1000 614 !
1025 576 1120 628 quid
1132 577 1296 615 scribam
1312 580 1330 616 :³

196 635 266 668 aut
291 629 387 681 quid
412 629 528 668 velim
543 632 561 668 Ρ
601 630 727 669 Breve
753 630 916 669 faciam:
944 630 1128 683 lacrymae
1156 632 1260 669 enim
1291 644 1333 670 se

196 683 323 723 subito
342 683 608 735 profuderunt.
640 684 734 723 Tibi
753 685 956 736 permitto:
980 694 1023 723 tu
1044 687 1223 724 consule:
1247 694 1332 724 tan-

196 744 282 776 tum
302 738 403 786 vide,
427 751 476 777 ne
495 739 568 778 hoc
592 739 775 791 temporis
795 739 865 778 tibi
884 741 1015 778 obesse
1033 740 1182 792 aliquid
1200 740 1332 792 possit.

194 792 372 844 Ignosce,
393 794 546 832 obsecro
561 801 623 833 te:
654 806 731 832 non
754 807 911 846 possum
931 808 1011 846 prae
1030 795 1123 833 fletu
1143 804 1181 833 et
1199 795 1330 834 dolore

193 846 340 886 diutius
359 848 400 885 in
418 848 588 887 hocloco
600 849 840 887 commorari.
870 849 1047 887 Tantum
1067 849 1208 897 dicam,
1229 850 1328 888 nihil

194 901 293 940 mihi
314 903 460 954 gratius
488 916 582 950 esse,
603 917 722 955 quam
742 903 847 955 quod
866 916 952 942 eam
971 903 1113 954 diligis.
1143 903 1262 952 Quod
1280 904 1329 942 li-

195 962 309 1004 teras,
330 957 472 1008 quibus
500 965 614 1010 putas
643 971 741 1010 opus
767 971 861 1007 esse,
894 971 1004 997 curas
1029 957 1205 1006 dandas;
1234 958 1329 998 facis

196 1011 410 1051 commode.

247 1065 444 1114 Quintum
472 1066 613 1114 filiurn,
635 1066 727 1114 vidi,
755 1066 824 1119 qui
852 1067 960 1106 Sami
979 1067 1147 1115 vidisset,
1173 1074 1325 1119 patrem

190 1119 379 1172 Sicyone:
411 1135 579 1173 quorum
594 1121 808 1173 deprecatio
827 1129 883 1160 est
901 1121 1034 1162 facilis.
1066 1122 1230 1161 Utinam
1250 1122 1323 1171 illi,

190 1174 260 1226 qui
279 1175 386 1226 prius
405 1176 519 1215 illum
538 1176 718 1224 viderint,
744 1189 808 1214 me
828 1176 933 1228 apud
952 1189 1042 1215 eum
1063 1176 1182 1215 velint
1212 1176 1325 1226 adju-

189 1237 276 1267 tum
296 1237 463 1279 tantum,
485 1239 678 1284 quantum
697 1243 768 1283 ego
786 1230 873 1269 illos
892 1231 1046 1280 vellem,
1068 1231 1100 1270 si
1119 1230 1215 1283 quid
1232 1244 1325 1283 pos-

190 1284 303 1322 sem!

241 1338 361 1387 Quod
378 1352 505 1392 rogas,
524 1348 569 1380 ut
583 1341 624 1379 in
643 1342 787 1380 bonam
805 1347 956 1392 partem
975 1339 1174 1391 accipiam,
1192 1339 1223 1378 si
1242 1354 1322 1392 qua

186 1392 264 1432 sint
282 1393 323 1432 in
351 1394 427 1433 tuis
451 1396 584 1444 literis,
606 1409 694 1448 quae
719 1408 783 1433 ine
807 1395 1035 1439 mordeant;
1067 1407 1138 1445 ego
1162 1408 1252 1433 vero
1277 1395 1320 1433 in

186 1447 402 1500 optimam:
426 1457 539 1502 teque
557 1463 664 1502 rogo,
677 1458 722 1489 ut
739 1457 870 1501 aperte
889 1449 1240 1501 (quemadmodum
1261 1449 1321 1488 fa-

184 1502 255 1564 cis)
275 1503 416 1543 scribas
435 1504 484 1543 ad
503 1518 568 1544 me
586 1505 732 1550 omnia,
758 1504 876 1556 idque
903 1503 1020 1544 facias
1042 1516 1163 1556 quam
1189 1504 1323 1558 saepis-

185 1556 293 1597 sime.
323 1558 435 1599 Vale.
456 1559 565 1600 XIV
585 1558 747 1599 calend.
766 1559 934 1599 Januar.

417 1727 503 1775 (8.)
532 1724 746 1772 CICERO
774 1723 1001 1765 ATTICO
1030 1725 1073 1766 S.

238 1832 409 1883 Quantis
437 1835 538 1875 curis
561 1835 718 1885 afficiar,
748 1834 819 1874 etsi
845 1834 1015 1887 profecto
1033 1834 1153 1880 vides,
1184 1841 1317 1875 tamen

182 1901 384 1941 cognosces
414 1902 464 1928 ex
494 1890 622 1942 Lepta
654 1898 692 1930 et
717 1890 915 1929 Trebatio.
956 1889 1157 1929 Maximas
1185 1903 1318 1942 poenas

180 1943 308 1996 pendo
334 1943 558 1984 temeritatis
576 1958 702 1992 meae3
735 1958 856 1997 quam
880 1952 925 1983 tu
949 1943 1196 2006 prudentiam
1218 1945 1318 1983 mihi

180 1997 303 2037 videri
321 1999 402 2038 vis.
432 2011 559 2051 neque
577 2008 615 2039 te
633 1999 818 2046 deterreo,
839 1998 1050 2051 quominus
1067 1998 1108 2037 id
1127 1999 1318 2060 disputes,

180 2052 400 2105 scribasque
429 2053 479 2092 ad
503 2067 568 2094 me
593 2067 714 2107 quam
739 2054 961 2106 saepissime.
990 2053 1185 2093 Nonnihil
1211 2053 1317 2093 enim

180 2118 246 2146 me
263 2107 394 2146 levant
407 2116 485 2147 tuae
502 2109 623 2148 literae
639 2109 712 2148 hoc
729 2116 916 2161 tempore.

238 2162 314 2201 Per
332 2175 410 2209 eos,
431 2163 500 2215 qui
524 2163 656 2202 nostra
681 2177 797 2203 causa
816 2164 965 2212 volunt,
986 2163 1191 2214 valentque
1209 2161 1316 2213 apud

178 2215 309 2268 illum,
329 2216 620 2277 diligentissime
635 2217 840 2259 contendas
854 2231 952 2276 opus
970 2225 1041 2276 est,
1057 2230 1125 2270 per
1139 2217 1315 2257 Balbum
