1498 2401
244 97 324 134 252
423 93 506 134 AD
528 94 816 135 ATTICUM.
846 95 947 134 Lm.
970 95 1089 134 XVI.
1126 95 1187 133 11.

242 204 404 253 Moriar,
438 203 511 241 nisi
535 203 666 242 facete.
706 204 773 242 Tu
798 217 886 244 vero
913 205 1016 256 leges
1040 205 1174 252 Sexto,
1199 202 1358 254 ejusque

237 258 428 308 judicium
446 257 544 295 mihi
563 259 767 310 perscribae
783 272 795 304 3
828 261 876 301 εἰς
892 273 967 307 εμοι
985 273 1114 309 paup-aea.

297 311 433 351 Caleni
464 311 739 360 interventum,
760 320 797 351 et
822 310 1015 360 Calvenae,
1036 311 1196 351 cavebis.
1236 308 1357 358 Quod

240 366 392 413 vereris,
413 378 462 403 ne
479 366 694 416 αόολεσγος·
712 366 811 404 mihi
824 368 899 404 tu?
931 366 1016 417 quis
1027 366 1157 404 minus
1174 368 1192 404 ?
1221 364 1297 410 cui,
1312 370 1358 401 ut

239 418 493 471 Aristophani
511 419 728 458 Archilochi
747 420 913 467 iambus,
935 420 987 458 sic
1007 420 1166 472 epistola
1181 417 1358 469 longissi-

239 488 306 514 ma
323 486 486 526 quaeque
505 473 650 525 optima
663 474 825 512 videtur.
854 474 972 522 Quod
989 487 1052 512 me
1071 473 1253 512 admon&
1270 485 1282 518 3
1314 478 1359 509 tu

237 542 327 568 vcro
345 528 461 566 etiam
479 527 511 565 si
529 528 831 578 reprehenderes,
844 540 922 566 non
939 528 1055 566 modo
1069 527 1178 566 facile
1195 535 1359 579 paterer,

239 582 305 622 sed
324 582 440 621 etiam
457 582 605 619 laetarer
621 596 630 619 :
662 582 805 634 quippe
829 595 918 621 cum
937 582 977 620 in
996 581 1284 633 reprehensione
1303 586 1361 618 αεὶ

239 635 443 689 prudentia
475 648 564 674 cum
599 651 764 688 ευμειειᾳ.
805 637 868 674 Ita
895 636 1057 675 libenter
1086 649 1130 674 ea
1154 635 1356 686 corrigam,

241 704 329 743 quae
346 704 370 728 a
388 697 424 727 te
442 689 705 727 animadversa
723 697 826 737 sunt,
854 692 883 712 ‘⁴
902 689 1036 728 eodem
1051 691 1152 739 jure,
1173 702 1251 740 quo
1269 689 1358 727 Ru-

240 744 418 791 briana‚”
438 743 564 795 potius
580 755 699 794 quam
713 746 739 765 “
757 756 834 795 quo
854 743 1041 795 Scipionis
1058 744 1100 781 :''
1119 751 1156 781 et
1169 743 1216 781 de
1231 742 1357 781 laudi-

239 800 314 837 bus
331 798 545 836 Dolabellae
572 797 731 834 deruam
755 798 969 836 cumulum.
999 798 1181 835 Attamen
1206 805 1262 836 est
1284 797 1358 835 ism

237 853 320 891 loco
349 851 464 898 bella,
484 859 529 889 ut
555 850 653 888 mihi
677 850 840 899 videtur,
872 867 1036 902 ειρωνεια,
1059 851 1164 904 quod
1188 864 1279 890 eum
1300 858 1359 890 ter

239 913 369 946 contra
387 905 486 943 cives
504 905 545 942 in
567 904 657 942 acie.
686 904 796 943 Illud
815 905 930 944 etiam
949 905 1066 953 malo,
1089 908 1117 929 “
1137 904 1355 958 indignissi-

240 973 352 999 mum
371 967 426 997 est
445 959 548 997 hunc
566 958 734 1006 vivere,”
755 972 873 1011 quam
894 962 923 982 ‘⁸
943 959 1038 1010 quid
1054 959 1250 1011 indignius
1262 960 1310 997 '?'’

295 1020 575 1063 Πεπλογραῇιαν
601 1012 785 1051 Varronis
812 1014 882 1052 tibi
907 1014 1073 1065 probari,
1093 1026 1171 1052 non
1198 1015 1358 1053 moleste

237 1068 346 1113 fero;
383 1080 407 1105 a
432 1079 509 1117 quo
539 1065 664 1105 adhuc
693 1067 938 1115 *Ηρακλειὸιω
966 1067 1065 1106 illud
1096 1081 1174 1106 non
1203 1068 1356 1107 abstuli.

239 1121 358 1171 Quod
372 1133 435 1159 me
449 1121 609 1158 hortaris
627 1120 676 1158 ad
690 1121 933 1160 scribendum
946 1135 958 1166 ;
980 1122 1100 1161 amice
1112 1130 1153 1161 tu
1170 1123 1328 1174 quidem
1341 1136 1354 1168 ς

236 1176 302 1216 sed
319 1188 383 1213 me
402 1175 493 1213 scito
511 1187 622 1225 agere
639 1175 736 1212 nihil
754 1175 872 1214 aliud,

293 1229 469 1269 Gravedo
499 1235 567 1266 tua
598 1229 695 1266 mihi
724 1230 885 1268 molesta
916 1238 984 1268 est.
1023 1230 1182 1280 Quaeso,
1203 1231 1356 1280 adhibe,

240 1297 359 1337 quam
379 1283 488 1328 soles,
513 1282 763 1333 diligentiam.
795 1286 823 1306 “
844 1283 882 1322 Ο
904 1283 1038 1332 Tite,’'
1067 1285 1138 1323 tibi
1165 1285 1356 1337 prodesse,

237 1340 356 1378 laetor.
387 1336 585 1387 Anagnini
603 1344 706 1380 sunt,
734 1337 923 1376 Mustella
942 1339 1122 1390 ταξιαρχη
1131 1355 1160 1387 ς,
1180 1346 1218 1378 et
1235 1340 1355 1388 Laco,

237 1393 305 1445 qui
319 1391 533 1444 plurimum
545 1390 653 1429 bibit.
673 1390 853 1441 Librum,
862 1404 978 1444 quem
993 1404 1117 1443 rogas,
1129 1393 1357 1445 perpoliam,

235 1456 274 1486 et
291 1454 458 1484 mittam.

292 1501 390 1539 Haec
430 1499 480 1537 ad
516 1498 773 1550 posteriorem.
821 1506 874 1537 Τα
911 1515 991 1550 περι
1025 1515 1086 1538 του
1121 1504 1356 1547 >affirmem-05,

235 1555 427 1608 quatenus
447 1552 655 1599 Panaetius,
672 1553 815 1592 absolvi
834 1554 1008 1592 duobus:
1038 1554 1142 1593 illius
1160 1563 1236 1594 tres
1253 1563 1357 1594 sunt.

236 1609 326 1655 Sed,
347 1619 435 1646 cum
454 1606 563 1645 initio
589 1606 773 1645 divisisset
797 1608 865 1656 ita,
885 1609 957 1646 tria
975 1621 1114 1660 genera
1132 1609 1357 1660 exquirendi

234 1663 348 1703 officii
367 1674 470 1707 esse;
500 1673 638 1708 unum,
659 1673 748 1699 cum
776 1662 1043 1711 deliberemus,
1063 1662 1281 1711 honestum,
1305 1676 1355 1702 an

234 1725 346 1769 turpe
365 1716 440 1761 sit3
471 1716 648 1762 alterum,
669 1715 776 1763 utile,
803 1729 853 1754 an
879 1717 1042 1762 inutile3
1073 1716 1244 1764 tertium,
1263 1731 1354 1756 cum

233 1772 316 1810 haec
333 1771 432 1809 inter
450 1783 489 1808 se
512 1782 684 1820 pugnare
703 1769 916 1820 videantur,
944 1783 1021 1823 quo
1046 1771 1161 1809 modo
1176 1771 1354 1821 judican-

232 1827 330 1865 dum
349 1825 396 1863 sit
417 1824 559 1875 (qualis
578 1836 690 1861 causa
701 1824 869 1876 Reguli3
899 1825 1020 1864 redire
1037 1825 1254 1875 honestum,
1271 1839 1355 1864 ma-

232 1893 323 1919 nere
348 1877 461 1927 utile)
480 1891 492 1922 ς
537 1876 584 1914 de
613 1877 763 1916 duobus
787 1879 920 1930 primis
945 1879 1123 1931 praeclare
1147 1879 1351 1926 disseruit;

233 1935 281 1973 de
311 1933 421 1972 tertio
452 1931 652 1983 pollicetur
679 1945 717 1970 se
744 1932 944 1985 deinceps:
975 1933 1040 1972 sed
1066 1933 1164 1972 nihil
1191 1933 1352 1986 scripsit.

231 1988 340 2027 Eum
369 1987 498 2025 locum
527 1985 756 2024 Posidonius
779 1995 1011 2039 persecutus.
1040 1987 1128 2038 Ego
1157 1995 1288 2026 autem
1315 1995 1354 2027 et

230 2044 314 2093 ejus
339 2040 484 2079 librum
513 2039 699 2087 arcessivi,
729 2049 766 2078 et
793 2041 842 2079 ad
859 2041 1155 2080 Athenodorum
1184 2041 1353 2081 Calvum

231 2095 377 2148 scripsi,
393 2102 438 2133 ut
455 2093 505 2132 ad
522 2106 586 2132 me
605 2109 653 2131 τα
674 2101 856 2142 κεφαλαια
874 2096 1065 2142 mitteret3
1096 2109 1184 2148 quae
1198 2108 1352 2148 exspec-

229 2158 296 2189 to:
327 2162 460 2202 quem,
493 2147 624 2197 velim,
651 2147 844 2188 cohortere
869 2160 906 2190 et
929 2164 1051 2202 rogoe,
1080 2157 1126 2188 ut
1151 2150 1351 2202 quampri-

231 2216 353 2243 mum.
385 2201 433 2240 In
453 2215 496 2241 eo
515 2207 569 2241 est
591 2217 670 2252 περι
684 2217 746 2239 του
763 2218 858 2242 κατα
877 2220 1095 2255 nepte-tamn
1117 2207 1349 2247 nxss'nxovroc.
