1498 2401
251 93 331 129 ‘246
441 90 524 128 AD
551 89 839 130 ATTIGUM.
870 89 968 126 Llss.
994 89 1112 128 XVI.
1143 91 1181 128 6.

239 212 316 250 que
333 198 423 237 inde
442 197 651 250 Corcyram
668 213 679 237 z
710 206 762 247 et,
792 198 823 236 si
842 198 1028 247 oneraria,
1048 197 1228 236 statimne
1247 197 1358 249 freto,

239 265 291 291 an
305 253 512 304 Syracusis.
540 253 628 291 Hac
646 266 761 304 super
778 265 819 296 re
833 253 996 291 scribam
1014 251 1064 290 ad
1082 260 1120 290 te
1138 251 1304 304 Rhegio-

294 306 534 355 Mehercule,
562 307 618 345 mi
637 307 780 355 Attice,
807 320 906 358 saepe
930 319 1098 355 mecum,
1121 306 1141 348 ἡ
1170 305 1257 357 ὃευρ’
1284 306 1361 350 ὁδος

243 375 298 398 σοι
322 376 357 398 τι
381 360 548 407 δυνά-ναις
579 374 646 399 cur
663 375 733 412 ego
758 368 885 400 tecum
910 373 988 399 non
1008 373 1094 399 sum
1111 361 1129 398 ?
1159 372 1240 406 cur,
1260 360 1361 399 ocelu

238 413 295 452 los
311 414 449 462 ltaliae,
470 415 621 453 villulas
642 428 746 454 meas
765 428 842 453 non
860 414 1000 453 video?
1030 413 1105 453 Sed
1123 413 1164 452 id
1182 413 1272 452 satis
1295 427 1360 452 su-

238 482 398 520 perque,
418 477 545 507 tecum
564 482 626 507 me
644 482 720 508 non
741 483 843 508 esse:
874 468 969 520 quid
985 468 1199 519 fugientem
1213 469 1231 506 Ρ
1260 467 1361 520 peri-

239 522 454 562 culumne?
482 523 523 561 id
540 536 644 562 nune
663 523 833 575 quidem,
853 523 926 560 nisi
944 523 1072 570 fanr,
1094 522 1250 560 nullum
1276 528 1334 560 est
1346 536 1358 560 ε

240 576 291 614 ad
320 576 449 628 ipsum
482 577 585 616 enim
618 584 765 616 revocat
788 590 851 614 me
873 576 1075 615 auctoritas
1107 584 1198 615 tua:
1230 575 1361 615 scribis

240 630 358 678 enim,
378 631 419 669 in
439 632 577 670 eoelum
596 632 685 669 ferri
703 631 976 683 profectionem
993 643 1136 678 meam,
1156 629 1223 668 sed
1239 629 1307 676 ita,
1327 629 1361 668 si

239 692 328 722 ante
353 684 436 723 Cal.
462 685 491 723 J
494 698 554 724 an.
581 686 759 724 redeam:
791 684 896 736 quod
923 683 1081 735 quidem
1107 691 1206 722 certe
1224 684 1360 722 enitar.

239 737 353 777 Malo
367 739 471 777 enim
491 740 551 777 vel
570 752 658 778 cum
677 740 813 777 timore
832 737 938 776 domi
956 751 1048 785 esse,
1068 750 1188 790 quam
1210 737 1293 776 sine
1311 737 1361 776 ti-

238 804 345 831 more
364 792 528 831 Athenis
548 793 636 831 tuis.
662 793 737 832 Sed
748 800 877 830 tamen
895 792 1081 843 prospice,
1097 805 1175 843 quo
1191 791 1264 829 ista
1277 804 1362 830 ver-

237 854 332 896 gant
349 861 361 884 :
391 847 566 897 mihique
592 855 660 885 aut
678 846 810 894 scribe,
839 853 907 884 aut
925 845 1047 897 (quod
1064 845 1190 884 multo
1206 845 1360 895 malim)

240 900 334 938 affer
351 900 391 938 iu
394 914 443 938 se.
475 901 573 938 Haec
590 900 786 939 hactenus.

296 954 415 1002 Illud,
430 954 587 1002 velim,
576 967 617 992 111
636 957 778 993 bonam
802 962 952 1015 partem
970 953 1146 1006 accipias,
1165 966 1230 992 me
1247 966 1360 1005 agere

239 1014 381 1057 tecum,
403 1008 507 1060 quod
527 1009 597 1047 tibi
615 1008 753 1058 majori
779 1022 879 1047 curae
898 1008 1014 1047 sciam
1034 1021 1127 1055 esse,
1148 1020 1267 1060 quam
1283 1007 1360 1060 ipsi

239 1061 349 1099 mihi.
391 1062 565 1101 Nomina
596 1076 683 1100 mea
711 1065 795 1115 (per
824 1062 930 1101 Deos
947 1062 980 1109 !)
1012 1062 1163 1113 expedi,
1193 1060 1359 1100 exsolve.

237 1115 350 1154 Belle
367 1116 516 1168 reliqua
534 1117 695 1169 reliqui·
726 1117 792 1155 sed
817 1129 914 1168 opus
932 1123 989 1156 est
1006 1116 1218 1168 diligentia,
1237 1116 1361 1154 eohae-

237 1169 392 1209 redibus
415 1184 485 1222 pro
510 1170 701 1210 Cluviano
731 1171 814 1209 Cal.
840 1172 946 1210 Sext.
972 1171 1212 1222 persolutum
1234 1177 1280 1208 ut
1297 1169 1359 1208 sit.

239 1222 345 1263 cum
366 1225 536 1263 Publilio
556 1238 632 1276 quo
651 1225 767 1264 modo
785 1225 978 1276 agendum
997 1225 1060 1273 sit,
1080 1223 1237 1263 videbis.
1266 1223 1360 1263 Non

236 1277 349 1317 debet
367 1292 516 1330 urgere,
544 1279 728 1330 quoniam
748 1280 837 1330 jure
854 1291 931 1318 non
949 1279 1122 1325 utimur;
1151 1278 1217 1317 sed
1230 1287 1359 1316 tamen

237 1332 272 1370 ei
291 1345 445 1384 quoque
467 1333 637 1371 satisfieri
662 1334 776 1385 plane
803 1334 901 1372 volo.
932 1332 1123 1371 Terentiae
1141 1345 1243 1380 vero,
1264 1331 1360 1383 quid

238 1399 309 1437 ego
326 1386 487 1425 dicam?
517 1386 633 1425 etiam
658 1395 746 1426 ante
771 1387 888 1436 diem,
909 1387 941 1425 si
957 1393 1077 1439 potes.
1107 1385 1216 1434 Quin
1235 1385 1267 1424 si
1296 1388 1358 1429 (ut

236 1439 364 1491 spero)
386 1440 553 1479 celeriter
566 1441 607 1478 in
626 1441 819 1492 Epirum3
850 1441 936 1490 hoc,
957 1440 1060 1492 quod
1086 1440 1266 1478 satisdato
1291 1438 1359 1478 de·-

235 1495 321 1542 beo,
342 1501 430 1545 peto
446 1508 468 1532 a
486 1502 536 1542 te,
553 1502 598 1532 ut
616 1502 703 1533 ante
721 1494 932 1546 provideas,
952 1495 1143 1546 planeque
1160 1493 1355 1546 expedias,

236 1555 274 1586 et
291 1548 461 1586 solutum
479 1548 684 1600 relinquas.
718 1548 792 1587 Sed
804 1548 851 1586 de
865 1548 924 1586 his
936 1549 1050 1594 satis;
1070 1555 1292 1599 metuoque,
1308 1559 1358 1587 ne

234 1608 279 1640 tu
291 1602 455 1640 nimium
469 1610 590 1653 putes.
612 1603 654 1641 N
658 1615 731 1641 unc
742 1602 1015 1653 negligentiam
1025 1614 1153 1640 meam
1165 1614 1359 1653 cognosce.

293 1657 321 1679 ‘⁶
341 1656 404 1695 De
435 1656 595 1694 Gloria''
614 1657 758 1695 librum
777 1656 827 1694 ad
852 1663 889 1695 te
910 1656 998 1695 misi
1016 1669 1026 1692 τ
1056 1664 1096 1694 at
1112 1656 1153 1695 in
1171 1668 1216 1694 eo
1233 1669 1357 1707 prooe·

235 1709 362 1748 mium
380 1710 421 1748 id
440 1718 510 1759 est,
531 1711 635 1762 quod
652 1711 694 1748 in
708 1710 937 1749 Academico
949 1710 1070 1749 tertio.
1095 1710 1144 1748 Id
1163 1709 1288 1749 evenit
1305 1711 1356 1748 ob

236 1777 322 1803 eam
352 1777 447 1812 rem,
480 1765 583 1816 quod
612 1765 734 1803 habeo
758 1765 940 1803 volumen
967 1764 1267 1826 prooemiorum·
1306 1776 1356 1803 ex

236 1831 280 1856 eo
299 1818 436 1869 eligere
448 1819 562 1865 soleo,
578 1832 667 1857 cum
679 1818 835 1871 aliquod
850 1834 1072 1869 συγγραμαα
1086 1818 1248 1857 institui.
1274 1817 1356 1856 Ita-

237 1885 313 1923 que
338 1873 422 1922 jam
451 1874 491 1910 in
523 1848 759 1919 T'usculano,
793 1873 861 1924 qui
893 1885 971 1910 non
1002 1872 1264 1911 meminissem
1290 1884 1355 1910 me

235 1928 402 1964 abusum
431 1927 505 1965 isto
536 1928 733 1978 prooemio,
769 1926 912 1987 conjeci
940 1926 982 1964 id
1008 1927 1050 1964 in
1078 1938 1168 1965 eum
1194 1925 1354 1973 librum,

236 1993 354 2032 quem
372 1980 443 2018 tibi
461 1980 560 2018 misi.
592 1979 697 2020 Cum
715 1988 845 2019 autem
863 1980 905 2018 in
923 1980 1013 2019 navi
1029 1981 1196 2032 legerem
1208 1979 1356 2018 Acade-

234 2034 368 2081 micos,
389 2034 527 2085 agnovi
545 2042 711 2073 erratum
730 2047 876 2073 meum.
906 2034 1046 2086 Itaque
1064 2034 1193 2073 statim
1211 2044 1356 2072 novum

236 2088 466 2138 prooemium
495 2088 673 2134 exaravi;
701 2088 773 2127 tibi
799 2088 899 2127 misi.
937 2089 1000 2126 Tu
1026 2087 1125 2127 illud
1149 2087 1353 2135 desecabis,

236 2142 309 2179 hoc
327 2142 595 2193 agglutinabis.
625 2118 735 2181 Piliae
754 2143 917 2182 salutem
935 2142 1049 2193 dioeS,
1065 2150 1102 2182 et
1116 2141 1267 2190 Atticae,
1286 2140 1353 2181 de-

236 2195 332 2236 liciis
351 2202 466 2248 atque
485 2196 680 2237 amoribus
699 2196 808 2236 meis.
