1498 2401
373 104 457 144 AD
487 104 540 154 Q.
571 104 876 146 FRATREM.
908 105 1008 144 Lus.
1030 104 1090 143 II.
1120 106 1158 143 8.
1251 105 1333 150 307

199 215 329 268 ipsum
347 213 488 254 scilicet
506 213 691 260 maxime,
704 222 834 256 tamen
854 216 971 255 etiam
989 215 1118 255 literas
1137 221 1224 254 tuas
1242 221 1332 254 ante

198 275 389 323 exspecto.
420 269 485 308 Mi
503 269 633 319 frater,
654 270 751 309 vale.

376 431 464 483 (7.)
496 431 739 473 MARCUS
768 434 820 482 Q.
850 433 1073 472 FRATRI
1102 434 1143 473 S.

252 540 716 592 (Argumentum.—-De
735 542 870 582 itinere
888 555 972 592 suo,
989 549 1025 581 et
1046 541 1326 594 exspectatione

196 595 370 646 Quinti.)

253 706 304 745 A.
315 705 352 744 d.
364 705 434 744 111
456 703 651 757 Id.Apri1.
663 713 752 744 ante
765 706 907 754 lucem,
921 706 1020 745 hanc
1030 705 1230 758 epistolam
1245 706 1325 745 dic-

198 769 384 807 taveram,
405 761 704 812 scripseramque
721 760 762 798 in
781 760 930 809 itinere,
944 769 989 799 ut
1007 774 1052 800 eo
1071 761 1132 799 die
1154 761 1257 812 apud
1272 761 1323 799 T.

198 816 350 855 Titium
374 815 415 853 in
442 814 650 866 Anagnino
675 827 884 853 manerem.
918 815 1107 854 Postridie
1126 823 1255 853 autem
1282 815 1322 853 in

197 870 355 910 Laterio
382 870 622 921 cogitabam:
653 869 756 917 inde,
777 882 866 907 cum
884 869 925 907 in
942 870 1126 921 Arpinati
1151 870 1326 921 quinque

196 925 278 964 dies
296 924 468 973 fuissem,
488 924 542 962 ire
560 923 601 961 in
621 923 904 976 Pompeianum
920 938 933 970 ;
963 924 1111 963 rediens
1130 924 1324 976 adspicere

197 979 437 1027 Cumanum,
458 986 503 1016 ut
526 978 727 1029 (quoniam
746 979 787 1016 in
808 979 913 1017 Non.
931 978 1060 1017 Maias
1080 978 1224 1017 Miloni
1243 978 1324 1016 dies

195 1034 347 1087 prodita
365 1040 437 1080 est)
456 1032 554 1084 prid.
575 1033 709 1071 Nonas
730 1033 868 1071 Romae
888 1046 1022 1078 essem,
1037 1041 1165 1085 teque,
1186 1033 1241 1070 mi
1261 1046 1324 1071 ca-

196 1088 345 1128 rissime
364 1095 402 1126 et
427 1087 649 1126 suavissime
667 1087 796 1135 frater,
820 1088 870 1126 ad
888 1101 972 1126 eam
992 1088 1094 1125 diem
1115 1092 1176 1131 (ut
1195 1100 1323 1139 spera-

194 1145 304 1191 bam)
324 1142 504 1181 viderem.
542 1141 855 1181 AEdificationem
874 1142 1019 1181 Arcani
1045 1141 1095 1180 ad
1123 1149 1235 1180 tuum
1255 1141 1324 1179 ad-

195 1204 356 1237 ventum
379 1196 583 1235 sustentari
604 1196 791 1248 placebat.
824 1197 918 1246 Fac,
949 1197 1006 1235 mi
1029 1196 1160 1247 frater,
1186 1203 1232 1235 ut
1256 1208 1324 1234 va-

195 1252 289 1302 laes,
309 1251 680 1304 quamprimumque
697 1250 839 1290 venias.

384 1417 471 1470 (8.)
499 1414 736 1456 MARCUS
765 1414 818 1464 Q.
844 1413 1066 1455 FRATRI
1095 1416 1135 1455 S.

253 1527 647 1582 (Argumentum.—
662 1525 725 1564 De
755 1525 1034 1578 supplicatione
1058 1524 1226 1564 Gabinio
1254 1536 1322 1565 ne.

196 1583 302 1636 gata,
323 1589 361 1621 et
377 1581 562 1622 desiderio
580 1594 648 1620 suo
666 1579 794 1619 fratris
812 1579 999 1629 videndi.)

253 1689 293 1731 O
312 1690 439 1730 literas
457 1690 555 1729 mihi
571 1697 656 1729 tuas
678 1689 990 1740 jucundissimas,
1010 1695 1262 1741 exspectatas,
1277 1701 1322 1728 ac

195 1745 324 1800 primo
346 1745 504 1798 quidem
532 1757 622 1784 cum
641 1744 841 1793 desiderio,
867 1757 972 1784 nunc
990 1756 1078 1783 vero
1097 1742 1213 1782 etiam
1232 1755 1322 1782 cum

195 1800 359 1841 timore!
400 1800 533 1852 Atque
556 1799 626 1838 has
651 1799 744 1838 scito
770 1799 899 1838 literas
925 1811 990 1837 me
1017 1797 1114 1836 solas
1137 1797 1323 1850 accepisse

197 1863 285 1908 post
300 1855 387 1894 illas
405 1867 502 1907 quas
528 1860 618 1892 tuus
643 1860 762 1892 nauta
779 1854 922 1903 attulit,
951 1852 1072 1893 Olbia
1090 1852 1210 1891 datas.
1247 1851 1323 1891 Sed

106 1903 115 1910 ⁸
197 1916 334 1950 caetera
353 1912 415 1953 (ut
427 1908 576 1957 scribis)
587 1908 764 1959 praesenti
778 1908 944 1947 sermoni
957 1914 1206 1946 reserventur.
1233 1905 1323 1944 Hoc

196 1970 330 2004 tamen
348 1976 426 2002 non
446 1976 546 2015 queo
572 1963 734 2001 differre.
765 1963 902 2002 Idibus
921 1962 1042 2001 Maiis
1067 1967 1219 1999 senatus
1247 1960 1324 1998 fre-

196 2031 321 2072 quens
348 2017 501 2057 divinus
530 2017 606 2056 fuit
634 2017 675 2055 in
706 2018 982 2070 supplicatione
1008 2015 1176 2055 Gabinio
1207 2014 1322 2053 dene-

197 2073 339 2125 ganda.
366 2072 534 2123 Adjurat
553 2072 741 2111 Procilius
759 2072 832 2111 hoc
855 2071 1002 2111 nemini
1023 2068 1214 2109 accidisse.
1243 2069 1322 2107 Fo-

195 2127 251 2167 ris
270 2127 380 2167 valde
398 2126 608 2179 plauditur.
637 2126 744 2165 Mihi
757 2139 847 2165 cum
861 2127 932 2165 sua
946 2132 1080 2178 sponte
1089 2123 1321 2174 jucundum,

199 2189 286 2221 tum
302 2181 526 2232 jucundius,
547 2180 651 2234 quod
669 2194 733 2220 me
751 2183 906 2221 absente
925 2185 998 2225 (est
1017 2179 1120 2218 enim
1140 2184 1326 2228 ειλικρινες

194 2235 426 2289 judicium),
461 2236 540 2276 sine
572 2236 872 2288 oppugnatione,
907 2236 988 2276 sine
1023 2232 1159 2286 gratia*
1183 2231 1324 2272 nostra.
