1498 2401
174 78 255 115 250
364 77 447 116 AD
477 47 765 117 ATTICUM}
796 77 897 116 Lm.
916 77 1037 118 XVI.
1066 78 1106 117 9.

169 185 355 236 pertulit:
397 185 618 225 Antonium
656 198 746 225 cum
781 185 933 237 legione
969 184 1214 224 Alaudarum
1245 182 1295 221 ad

168 239 320 278 Urbem
339 253 509 292 pergere,
522 240 703 292 pecunias
720 240 941 293 municipiis
953 240 1157 292 imperare,
1175 236 1297 290 legio-

170 305 262 332 nem
282 295 353 333 sub
373 295 491 345 signis
509 295 658 334 ducere.

227 348 495 397 consultabat,
516 357 650 388 utrum
665 351 835 391 Romam
854 363 944 389 cum
963 347 1062 388 CIO
1075 345 1175 387 CIO
1195 345 1295 386 CIO

173 409 440 441 veteranorum
466 404 780 455 proficisceretur,
802 417 853 444 an
877 404 1057 456 Capuam
1075 407 1234 449 teneret,
1257 406 1298 438 et

171 457 391 495 Antonium
410 458 627 497 venientem
652 460 884 507 excluderet,
904 471 954 496 an
978 458 1050 496 iret
1071 456 1121 495 ad
1144 463 1221 494 tres
1241 455 1299 492 le-

172 511 305 563 giones
339 511 627 560 Macedonicas,
656 527 744 565 quae
762 514 835 552 iter
853 511 1064 551 secundum
1085 510 1200 549 Mare
1223 510 1299 549 Su-

172 578 311 617 perum
329 565 504 612 faciunt3
535 579 632 618 quas
661 576 786 619 sperat
810 580 896 606 suas
922 579 1014 605 esse.
1054 565 1126 604 Eae
1144 562 1299 614 congia—

172 620 276 658 rium
301 621 350 659 ab
367 619 544 659 Antonio
561 621 729 673 accipere
756 622 977 668 noluerunt,
996 626 1042 658 ut
1057 619 1122 658 hic
1140 618 1300 670 quidem

172 681 329 720 narrat3
359 681 396 713 et
424 675 459 713 ei
484 675 700 714 convicium
724 689 841 727 grave
869 675 1055 721 fecerunt,
1075 672 1302 712 concionan-

173 736 330 780 temque
348 729 598 780 reliquerunt.
630 729 739 778 Quid
767 729 906 782 quaeris
923 731 941 767 ?
970 728 1108 766 ducem
1127 740 1167 765 se
1184 724 1302 778 profi-

173 790 302 828 tetur-3
332 795 402 821 nec
420 795 489 822 nos
509 783 581 822 sibi
605 791 717 835 putat
735 784 865 823 deesse
890 790 1074 835 oportere.
1102 779 1300 833 Equidem

173 837 290 884 suasi,
324 844 369 875 ut
398 837 568 876 Romam
597 845 783 889 pergeret.
819 837 987 876 Videtur
1012 836 1116 875 enim
1140 834 1239 873 mihi
1263 840 1304 872 et

171 891 414 942 plebeculam
433 893 637 938 urbanam,
659 900 711 941 et,
731 893 764 932 si
782 891 899 931 fidem
924 891 1068 939 fecerit,
1094 889 1211 929 etiam
1228 889 1302 927 bo-

173 957 243 984 nos
262 945 376 993 viros,
398 959 527 984 secum
545 946 761 986 habiturus.

229 998 268 1039 O
306 1000 430 1038 Brute
447 1000 457 1038 Ξ
500 1000 569 1039 ubi
607 1014 646 1039 es
662 1003 680 1040 ?
714 1008 903 1054 quantam
933 1014 1111 1049 ευκαιριαν
1140 996 1298 1037 amittis.

175 1054 271 1146 ileon
290 1054 471 1106 equidem
489 1054 562 1094 hoc
580 1054 749 1094 divinavi
765 1070 778 1102 ;
809 1055 874 1095 sed
893 1054 1042 1108 aliquid
1068 1053 1145 1092 tale
1167 1051 1302 1105 putavi

192 1121 270 1147 ore.

227 1162 348 1201 Nunc
374 1170 487 1202 tuum
506 1163 710 1203 consilium
730 1164 903 1217 exquiro.
933 1164 1154 1203 Romamne
1171 1159 1300 1206 venio,

174 1228 224 1255 an
242 1216 308 1255 hic
332 1229 484 1267 maneo,
512 1231 561 1256 an
582 1219 780 1270 Arpinum
800 1222 1026 1264 (ασφαλειαν
1045 1217 1162 1255 habet
1190 1215 1222 1254 is
1242 1215 1303 1253 lo-

173 1277 257 1318 cus)
287 1270 437 1323 fugiam
455 1274 472 1309 ‚⁹
502 1273 688 1320 Romam,
718 1285 767 1311 ne
781 1272 1054 1319 desffleremur,
1074 1270 1107 1309 si
1126 1269 1221 1322 quid
1238 1281 1302 1308 ac-

175 1333 260 1364 tum
290 1325 492 1365 videbitur.
536 1327 625 1366 Hoc
656 1327 776 1379 igitur
804 1327 966 1379 explica.
1009 1326 1227 1377 Nunquam
1257 1323 1300 1361 in

175 1380 322 1430 majore
342 1395 470 1432 αποριᾳ
485 1381 554 1419 fui.

407 1545 498 1595 (9.)
535 1543 748 1585 CICERO
776 1543 1001 1584 ATT1co
1029 1545 1070 1584 s.

231 1651 345 1690 Binae
373 1664 451 1690 uno
475 1652 536 1691 die
562 1653 660 1692 mihi
684 1653 804 1693 literae
823 1655 871 1692 ab
892 1652 1070 1697 Octavio,
1090 1664 1195 1691 nunc
1213 1651 1301 1704 qui-

173 1706 277 1754 dem,
298 1714 343 1744 ut
362 1707 533 1745 Romam
561 1707 690 1747 statim
709 1709 859 1747 veniam
875 1723 885 1746 :
916 1708 1013 1746 vene
1032 1719 1072 1746 se
1090 1719 1173 1745 rem
1191 1719 1305 1757 agere

172 1773 242 1812 per
261 1768 449 1799 senatum.
481 1761 557 1800 Cui
576 1774 661 1814 ego,
681 1775 759 1801 non
778 1775 889 1814 posse
908 1770 1084 1800 senatum
1103 1768 1192 1799 ante
1212 1760 1297 1799 Cal.

173 1815 267 1854 Jan.
299 1815 404 1866 quod
442 1815 600 1868 quidem
638 1817 693 1854 ita
729 1817 840 1855 credo
856 1830 869 1860 ς
910 1816 975 1854 ifle
1013 1823 1143 1853 autem
1179 1814 1301 1862 addit,

176 1871 205 1892 “
226 1869 384 1908 consilio
395 1871 505 1908 tuo.''
535 1870 644 1919 Quid
659 1872 784 1909 multa
802 1873 819 1910 ?
847 1871 913 1908 ille
927 1878 1061 1921 urget:
1084 1881 1155 1920 ego
1172 1876 1303 1907 autem

176 1938 399 1971 σκεπτομαι.
431 1924 524 1962 Non
551 1924 701 1964 confido
720 1925 846 1963 aetati:
877 1925 1024 1975 ignoro,
1046 1936 1123 1975 quo
1142 1923 1271 1961 animo
1287 1937 1300 1960 :

173 1977 230 2015 nil
249 1977 330 2016 sine
350 1977 478 2016 Pansa
498 1986 564 2017 tuo
583 1979 681 2017 volo.
712 1980 869 2021 Vereor,
884 1991 932 2017 ne
945 1978 1067 2016 valeat
1080 1977 1302 2023 Antonius;

175 2042 246 2070 nec
263 2045 287 2070 a
299 2032 399 2070 mari
417 2032 606 2072 djsoedere
616 2033 711 2072 libet
727 2049 738 2072 t
760 2041 797 2072 et
810 2042 956 2078 metuo,
972 2045 1020 2070 ne
1032 2044 1120 2084 quae
1132 2046 1301 2081 αριστεια

175 2098 238 2124 me
257 2087 423 2125 absente.

228 2139 396 2178 Varroni
421 2140 579 2192 quidem
607 2141 780 2193 displicet
806 2141 1008 2180 eonsilium
1037 2139 1173 2191 pueri;
1202 2138 1303 2177 mihi

176 2206 262 2233 non.
292 2194 444 2233 Firmas
470 2196 594 2246 copia<
614 2196 753 2234 habet:
789 2196 958 2233 Brutum
977 2194 1116 2232 habere
1142 2200 1266 2245 potest
1287 2208 1297 2230 :
