1498 2401
241 77 320 118 194
429 76 515 115 AD
542 72 832 115 ATTICUM.
861 74 963 114 LIB-
988 73 1110 115 XIV.
1141 75 1203 114 15.

238 173 375 234 cuerit,
396 184 492 238 quid
515 185 614 224 mihi
636 184 809 224 attulerit
828 184 903 224 ista
919 183 1067 224 domini
1084 183 1249 224 mutatio
1265 194 1365 236 prae-

238 247 298 280 ter
314 214 505 289 lae'titiam,
525 253 646 292 quam
664 240 784 278 oculis
802 239 885 292 cepi
896 240 1003 288 J'usw
1015 239 1172 278 interitu
1188 238 1365 291 tyranni?

295 295 471 347 Rapinas
499 294 630 334 scribis
656 294 707 333 ad
735 293 835 346 Opis
862 294 972 333 fieri.
1003 306 1100 346 quas
1123 306 1193 332 nos
1197 306 1368 355 quoque

240 356 328 388 tum
347 350 583 388 videbamus.
613 349 690 387 Nae
711 361 780 387 nos
794 355 833 387 et
844 348 996 387 liberati
1013 349 1063 386 ab
1082 347 1242 399 egregiis
1257 347 1365 397 viris,

239 416 311 442 nec
329 404 489 452 1111611,5
473 417 619 443 ss.umu
646 404 710 442 Ita
727 404 812 441 laus
825 403 982 442 illorum
1002 409 1072 451 est,
1092 403 1208 454 culpa
1225 409 1368 441 nostra.

241 458 298 497 Et
326 459 488 498 hortaris
515 472 593 505 me,
613 466 658 496 ut
682 457 858 497 historias
890 457 1053 496 scribam
1070 458 1088 495 Ρ
1122 464 1167 495 ut
1191 456 1372 507 colligam

153 554 164 566 ,
241 519 350 552 tanta
369 526 502 552 eorum
516 513 671 561 scelera,
689 526 712 550 a
723 512 865 564 quibus
880 512 996 551 etiam
1007 523 1112 550 nunc
1125 510 1370 550 obsidemur?

243 567 433 606 Poterone
453 581 516 607 eos
534 568 636 620 ipsos
655 579 733 606 non
751 566 924 614 laudare,
945 565 1014 618 qui
1031 573 1070 604 te
1087 565 1371 616 obsignatorem

241 621 502 661 adhibuerunt
519 621 533 660 ?
581 622 667 660 Nec
702 619 956 670 (mehercule)
994 633 1059 658 me
1090 619 1369 658 raudusculum

240 684 371 715 movet
387 691 398 714 ι
430 676 496 715 sed
514 676 690 715 homines
705 675 922 723 benevolos,
943 674 1245 727 qualescumque
1263 682 1369 725 sunt,

242 743 358 782 grave
378 738 434 770 est
450 731 601 782 insequi
621 729 866 769 contumelia.

296 785 386 834 Sed,
407 785 455 823 de
473 785 654 823 omnibus
671 784 768 822 meis
786 783 965 831 consiliis,
986 785 1048 827 (ut
1072 782 1220 845 scribis)
1239 782 1374 822 existi·-

240 851 308 878 mo
340 839 575 891 exploratius
612 851 682 877 nos
720 837 770 877 ad
802 837 993 877 Calendas
1028 837 1059 876 J
1061 850 1172 876 umas
1208 844 1374 876 statuere

241 907 380 946 posse.
412 893 461 932 ad
476 907 572 945 quas
587 893 730 939 adero3
762 899 799 931 et
818 892 925 930 omni
943 905 1015 944 ope
1029 900 1147 944 atque
1160 905 1275 944 opera
1292 891 1375 930 eni-

240 956 314 996 tar,
336 947 543 997 adjuvante
561 960 626 986 1116
641 948 782 986 scilicet
799 947 1023 985 auctoritate
1041 947 1112 986 tua
1129 954 1168 985 et
1184 945 1323 999 gratia,
1336 952 1375 986 et

243 1015 399 1041 5111111113
428 1002 609 1054 aequitate
637 1015 775 1050 causae,
806 1009 851 1040 ut
882 1001 931 1040 de
953 1000 1172 1040 Buthrotiis
1202 1002 1372 1040 senatus-

243 1057 479 1104 consultum,
496 1057 612 1109 quale
632 1030 777 1103 scribis:
796 1055 877 1095 fiat.

298 1111 418 1160 Quod
442 1123 507 1150 me
532 1111 697 1163 cogitare
711 1112 840 1161 ι1111165,
870 1110 1046 1163 cogitabo
1064 1109 1273 1163 equidem.
1302 1108 1373 1150 etsi

241 1166 313 1205 tibi
331 1165 512 1205 dederam
532 1166 724 1217 superiore
753 1165 913 1218 epistola
931 1165 1199 1227 cogitandum.
1219 1164 1286 1204 Tu
1304 1178 1375 1204 au-

242 1228 338 1268 tem,
371 1220 482 1272 quasi
509 1221 593 1270 jam
626 1219 849 1272 recuperata
885 1220 1097 1272 republica,
1129 1218 1262 1259 vicinis
1297 1219 1376 1258 tuis

245 1275 558 1314 Massiliensibus
590 1288 660 1314 sua
689 1274 826 1313 reddis.
861 1274 960 1313 Haec
986 1274 1118 1323 armis,
1144 1287 1233 1326 quae
1253 1286 1375 1326 quam

243 1329 357 1368 firma
389 1329 615 1379 habeamus,
644 1329 795 1381 ignoro,
820 1329 970 1368 restitui
1000 1328 1161 1368 fortasse
1181 1335 1374 1381 possunt;

245 1384 469 1423 auctoritate
483 1396 560 1423 non
579 1390 752 1437 possunt.

466 1492 582 1546 (15.)
619 1491 839 1533 CICERO
866 1490 1088 1532 ATTICO
1116 1493 1157 1532 S.

301 1602 479 1655 Epistola
496 1603 636 1650 brevis,
664 1616 753 1655 quae
776 1608 908 1654 postea
929 1615 954 1641 a
979 1610 1015 1641 te
1038 1601 1178 1654 scripta
1195 1608 1266 1653 65ῐ,
1285 1615 1377 1644 sane

247 1657 347 1695 mihi
371 1657 446 1696 fuit
471 1657 656 1707 jucunda.
696 1657 759 1696 De
785 1657 902 1696 Bruti
928 1656 978 1695 ad
1004 1657 1237 1707 Antonium,
1268 1664 1307 1696 et
1329 1658 1379 1698 de

250 1712 423 1761 ejusdem
441 1712 491 1749 ad
519 1719 570 1760 te,
600 1711 733 1761 literis,
763 1725 874 1764 posse
893 1711 1072 1751 videntur
1097 1724 1179 1750 6556
1201 1712 1375 1763 meliora,

249 1779 370 1818 quam
389 1765 515 1804 adhuc
540 1766 711 1805 fuerunt.
739 1766 816 1806 Sed
844 1766 969 1814 nobis,
994 1766 1063 1805 ubi
1087 1765 1222 1817 simus,
1242 1773 1281 1805 et
1298 1780 1379 1820 quo

243 1821 330 1870 jam
349 1833 453 1859 nunc
472 1833 541 1859 nos
560 1821 817 1870 conferamus,
837 1820 1119 1873 providendum
1137 1828 1205 1860 est.
1243 1820 1284 1861 Ο
1301 1823 1379 1862 mi-

249 1874 400 1914 rificum
439 1874 687 1914 Dolabellam
720 1875 880 1915 meum!
921 1876 1005 1925 jam
1034 1875 1138 1914 enim
1167 1874 1254 1915 dico
1292 1889 1379 1917 me-

247 1941 348 1975 um,
336 1943 347 1952 ·
369 1936 494 1977 antea,
506 1929 614 1968 crede
628 1930 739 1977 mihi,
753 1930 1066 1969 subdubitabam.
1086 1930 1280 1982 Magnam
1293 1946 1378 1968 ανα.

277 1999 342 2033 εωρ
348 1998 428 2025 nm
447 1997 506 2022 res
524 1983 664 2022 habet.
686 1984 734 2022 de
752 1997 872 2031 saxo;
893 1984 934 2022 in
952 1985 1379 2031 crucem3001umnam

245 2037 409 2083 tollere;
439 2038 568 2076 locum
585 2038 699 2076 illum
720 2039 967 2078 sternendum
980 2040 1116 2078 locare.
1148 2038 1259 2087 Quid
1272 2053 1380 2092 quae·

246 2091 328 2130 ris?
355 2092 533 2131 heroica:
563 2093 760 2132 sustulisse
788 2093 888 2132 mihi
911 2093 1063 2132 videtur
1095 2093 1379 2134 simulationem

247 2145 437 2196 desiderii,
458 2147 586 2186 adhuc
603 2160 692 2199 quae
711 2148 915 2200 serpebat‘
904 2160 944 2186 m
959 2148 1065 2194 (1165;
1086 2155 1137 2193 et,
1152 2147 1376 2200 inveneram,

248 2202 418 2249 verebar,
439 2213 488 2241 ne
505 2201 717 2254 periculosa
734 2202 873 2242 nostris
892 2202 1177 2254 tyrannoctonis
1195 2210 1306 2243 aeset.
