1513 2370
369 114 454 154 AD
482 112 772 154 ATTICUM.
803 114 906 153 Lm.
927 111 1029 152 XII.
1060 112 1126 150 53.
1241 112 1317 157 137

191 223 263 263 bis.
305 223 396 273 Sed,
416 223 490 262 nisi
513 224 629 276 plane
655 223 703 262 iis
727 222 918 274 intelliges
936 222 1102 274 placere,
1128 220 1319 261 mittenda

191 290 270 317 non
299 285 368 317 est.
409 277 458 316 Id
482 286 614 318 autem
646 286 780 317 utrum
799 277 857 315 illi
875 276 1056 325 sentiant,
1079 288 1179 315 anne
1197 276 1318 315 simu-

191 333 286 380 lent,
306 340 350 371 tu
367 333 570 385 intelliges.
607 333 714 372 Mihi
739 332 934 371 simulatio
959 344 1031 383 pro
1055 331 1320 383 repudiatione

192 386 320 426 fuerit.
348 393 458 426 Τουτο
479 388 513 424 δε
537 387 751 440 [μηλωσῃ.]

248 440 312 480 De
326 440 500 481 Caerellia
519 442 614 495 quid
628 441 700 480 tibi
710 443 889 494 placeret,
905 440 1001 479 Tiro
1013 439 1112 478 mihi
1126 440 1317 479 narravit:

194 496 343 545 debere,
364 510 442 535 non
457 510 535 536 esse
553 497 751 548 dignitatis
770 509 891 534 meae:
921 494 1235 548 perscriptionem
1248 494 1320 534 tibi

192 551 368 602 placere:
399 551 472 590 hoc
494 559 678 600 metuere,
699 552 863 589 alterum
883 551 924 588 in
942 556 1050 588 metu
1070 562 1147 587 non
1166 562 1319 601 ponere.

193 605 269 644 Sed
284 613 322 644 et
339 606 434 654 haec,
456 613 492 644 et
510 606 635 644 multa
654 606 743 654 alia,
765 618 905 644 coram.
935 603 1168 644 Sustinenda
1190 611 1321 642 tamen

190 659 244 706 (si
265 660 334 699 „ibi
352 660 558 708 videbitur)
574 660 713 698 solutio
725 668 780 699 est
794 660 962 698 nominis
979 658 1211 709 Caerelliani,
1225 658 1321 697 dum

194 721 231 752 et
250 714 297 753 de
316 715 478 754 Metone
496 723 534 754 et
552 715 600 753 de
622 714 781 753 Faberio
795 714 975 752 sciamus.

413 825 527 876 (52.)
559 822 774 865 CICERO
805 822 1019 864 ATTICO
1052 823 1092 863 s.

249 932 421 972 Lucium
450 933 631 972 Tullium
651 934 890 972 Montanum
915 932 1031 982 nosti,
1053 932 1122 985 qui
1144 944 1234 971 cum
1256 930 1325 971 Ci-

196 1000 331 1027 cerone
351 988 542 1040 profectus
562 997 629 1027 est.
670 989 738 1027 Ab
758 989 840 1038 ejus
860 988 996 1027 sororis
1015 987 1096 1026 viro
1114 987 1243 1025 literas
1264 999 1328 1025 ac-

195 1042 293 1094 cepi,
315 1042 554 1082 Montanum
574 1043 719 1082 Planco
738 1042 888 1090 debere,
905 1041 1010 1094 quod
1028 1055 1126 1093 praes
1144 1054 1214 1093 pro
1233 1042 1326 1079 Fla-

195 1097 317 1135 minio
329 1097 392 1146 sit,
407 1098 479 1137 HS
494 1098 648 1144 XXV;
670 1097 717 1135 de
737 1098 782 1136 ea
800 1110 841 1136 re
859 1096 984 1135 nescio
999 1095 1094 1148 quid
1106 1104 1144 1134 te
1163 1109 1187 1134 a
1205 1096 1327 1134 Mon-

196 1159 287 1190 tano
305 1162 497 1204 rogatum.
539 1154 639 1192 Sane
659 1152 789 1199 velim,
811 1152 890 1190 sive
910 1151 1078 1189 Plancus
1105 1159 1162 1189 est
1187 1162 1326 1202 rogan-

194 1205 282 1256 dus,
303 1206 381 1245 sive
404 1205 481 1259 qua
499 1220 539 1246 re
558 1214 666 1259 potes
691 1207 807 1244 illum
829 1207 978 1256 juvare,
998 1206 1122 1255 juves.
1152 1205 1328 1244 Pertinet

193 1260 244 1299 ad
258 1268 432 1300 nostrum
447 1261 628 1300 officium.
658 1261 700 1301 Si
710 1274 769 1299 res
784 1260 855 1299 tibi
868 1260 966 1299 forte
980 1260 1105 1298 notior
1120 1267 1188 1308 est,
1206 1272 1327 1311 quam

193 1315 306 1364 mihi,
327 1323 396 1354 aut
423 1316 455 1355 si
480 1317 672 1355 Plancum
698 1315 914 1367 rogandum
939 1321 1078 1367 putas;
1110 1314 1250 1353 scribas
1276 1313 1327 1352 ad

193 1382 271 1419 me,
306 1370 449 1419 velim;
479 1379 538 1421 ut,
570 1370 667 1423 quid
703 1371 758 1408 rei
792 1369 855 1419 sit,
895 1376 933 1408 et
963 1368 1059 1420 quid
1090 1368 1323 1421 rogandum,

191 1437 324 1464 sciam.

247 1479 312 1519 De
326 1479 488 1533 epistola
501 1480 551 1519 ad
568 1480 761 1521 Caesarem
781 1479 877 1532 quid
891 1479 1026 1532 egeris,
1044 1485 1232 1532 exspecto.
1261 1477 1326 1517 De

194 1534 304 1583 Silio,
317 1547 396 1574 non
413 1535 468 1574 ita
483 1549 573 1576 sane
586 1537 730 1575 laboro.
761 1535 827 1573 Tu
847 1536 905 1573 mi
925 1542 993 1574 aut
1008 1534 1244 1587 Scapulanos
1259 1540 1328 1571 aut

196 1587 405 1629 Clodianos
430 1590 584 1640 efficias,
605 1602 755 1630 necesse
774 1597 841 1629 est.
871 1590 948 1630 Sed
967 1590 1093 1629 nescio
1111 1588 1208 1642 quid
1221 1587 1328 1626 vide-

193 1644 246 1683 ris
265 1644 441 1684 dubitare
473 1645 522 1684 de
546 1645 715 1691 Clodia;
745 1652 894 1694 utrum,
918 1644 1075 1697 quando
1101 1643 1243 1691 veniat,
1274 1654 1325 1680 an

195 1699 322 1739 sintne
340 1700 491 1739 venales
506 1702 524 1739 ἓ
553 1701 630 1740 Sed
649 1699 745 1753 quid
770 1707 841 1748 est,
863 1699 969 1752 quod.
993 1699 1122 1748 audio,
1144 1696 1328 1750 Spinthe-

194 1765 277 1792 rem
302 1753 434 1793 fecisse
451 1754 660 1794 divortium
678 1757 696 1794 ?

249 1808 314 1847 De
336 1808 473 1861 lingua
490 1809 636 1850 Latina
653 1808 775 1849 securi
794 1822 834 1848 es
852 1808 988 1856 animi,
1008 1808 1125 1857 dices,
1146 1807 1215 1861 qui
1234 1806 1327 1845 talia

194 1862 412 1903 conscribis.
450 1870 658 1916 Απογραφα
693 1871 784 1903 sunt
800 1878 811 1902 ε
850 1864 1000 1902 minore
1031 1863 1162 1903 labore
1198 1862 1300 1901 fiunt
1312 1875 1324 1899 ε

195 1920 312 1958 verba
326 1926 479 1958 tantum
497 1918 641 1966 alfei-03
671 1919 814 1971 quibus
833 1918 1000 1958 abundo.

415 2083 528 2130 (53.)
558 2079 774 2122 CICERO
806 2079 1023 2122 ATTICO
1056 2083 1095 2121 S.

252 2191 355 2243 Ego,
371 2190 441 2230 etsi
458 2189 557 2230 nihil
575 2191 713 2241 habeo,
744 2191 849 2244 quod
868 2191 918 2231 ad
937 2198 974 2230 te
996 2191 1177 2237 scribam,
1207 2187 1330 2227 scribo

200 2254 344 2297 tamen,
371 2245 464 2299 quia
478 2252 607 2286 tecum
625 2246 734 2300 loqui
753 2246 894 2286 videor.
923 2245 1005 2286 Hic
1023 2245 1226 2285 nobiscum
1241 2248 1332 2282 sunt

979 2311 1010 2339 N
1032 2301 1057 2339 3
