1498 2401
171 145 254 184 380
410 146 491 185 AD
519 144 783 186 BRUTUM.
812 146 972 185 Emsr.
991 148 1057 185 22.

420 290 533 338 (22.)
561 287 778 330 CICERO
806 289 1006 331 BRUTO
1032 290 1074 330 S.

239 418 369 468 Datis,
389 432 503 458 mane
522 433 557 458 a.
575 420 613 458 d.
632 420 698 459 VI
714 420 810 459 Idus
830 420 998 472 Apriles,
1012 421 1166 473 Scaptio
1175 421 1310 472 literis,

189 474 324 513 eodem
343 474 405 512 die
424 482 510 512 tuas
530 488 614 513 acce
615 475 670 527 pi,
693 474 779 514 Cal.
793 475 923 527 April.
944 474 1187 527 Dyrrhachio
1205 477 1313 516 datas

187 528 346 591 vesperi.
378 528 516 581 Itaque
534 542 648 568 mane
672 530 771 581 prid.
792 530 854 568 Id.
881 530 982 581 Apr.
1007 542 1098 568 cum
1116 543 1139 568 a
1157 531 1314 583 Scaptio

185 583 321 622 certior
338 582 462 622 factus
488 596 621 631 essem,
641 596 719 622 non
749 597 827 622 esse
858 596 919 622 eos
950 583 1150 634 profectos,
1169 585 1312 636 quibus

185 637 310 705 pridie
329 637 522 685 dederam,
544 647 581 676 et
600 638 729 676 statim
748 638 816 685 ire,
843 638 915 676 hoc
934 638 1141 689 paululum
1159 640 1312 679 exaravi

185 691 271 743 ipsa
288 692 329 730 in
349 692 463 730 turba
480 692 683 730 matutinae
701 691 950 730 salutationis.

242 746 306 784 De
339 746 471 785 Cassio
499 747 621 793 laetor,
657 754 694 784 et
730 746 949 797 reipublicae
984 746 1182 797 gratulor;
1211 746 1310 787 mihi

188 800 320 848 etiam,
351 801 434 852 qui,
461 808 698 852 repugnante
718 807 755 838 et
772 801 956 838 irascente
985 800 1129 849 Pans'a,
1161 807 1312 840 senten-

184 854 282 893 tiam
301 854 480 902 dixerim,
495 862 540 893 ut
554 855 801 893 Dolabellam
816 855 917 892 bello
937 854 1090 893 Cassius
1107 867 1312 907 perseque-

186 916 304 948 retur.
344 909 400 947 Et
419 908 575 961 quidem
595 909 774 947 audacter
799 909 988 957 dicebam,
1009 908 1090 947 sine
1107 916 1236 948 nostro
1255 922 1313 949 se-

185 964 490 1002 nattis-consulto
505 964 588 1013 jam
606 963 706 1001 illud
724 976 814 1001 eum
832 963 980 1001 bellum
1005 976 1147 1014 gerere.
1187 963 1252 1003 De
1274 971 1314 1004 te

186 1017 303 1056 etiam
321 1017 404 1055 dixi
422 1025 522 1066 tum,
539 1031 627 1069 quae
645 1017 807 1056 dicenda
823 1017 970 1069 putavi.
998 1017 1097 1055 Haec
1115 1017 1165 1056 ad
1177 1025 1215 1057 te
1228 1031 1311 1057 ora-

186 1071 241 1110 tio
258 1071 482 1123 perferetur,
503 1072 689 1124 quoniam
707 1079 745 1110 te
764 1072 874 1110 video
889 1071 1065 1110 delectari
1084 1071 1312 1124 Philippicis

182 1126 335 1165 nostris.
366 1126 485 1174 Quod
503 1139 566 1164 me
585 1126 633 1165 de
648 1126 823 1165 Antonio
841 1126 1006 1165 consulis
1022 1140 1034 1172 ς
1056 1126 1184 1178 quoad
1197 1126 1314 1166 Bruti

186 1181 335 1219 exitum
356 1181 614 1232 cognorimus,
635 1180 928 1219 custodiendum
946 1187 1053 1232 puto.

238 1235 307 1274 Ex
323 1234 384 1273 his
402 1235 534 1284 literis,
551 1249 647 1286 quas
661 1235 759 1274 mihi
776 1234 929 1284 misisti,
950 1235 1158 1273 Dolabella
1174 1235 1315 1275 Asiam

178 1302 211 1328 τ’
212 1302 326 1328 exare
344 1289 509 1339 videtur,
537 1297 575 1328 et
591 1290 633 1328 in
657 1303 700 1328 ea
729 1304 768 1329 se
798 1302 926 1341 gerere
951 1289 1154 1328 teterrime.
1195 1289 1315 1329 Com-

184 1344 363 1395 pluribus
382 1351 514 1382 autem
533 1345 649 1396 scrips
651 1344 727 1392 isti,
748 1344 994 1382 Dolabellam
1014 1357 1037 1382 a
1055 1344 1219 1383 Rhodiis
1237 1357 1317 1383 esse

187 1399 412 1437 exclusum:
443 1398 512 1450 qui
531 1398 563 1436 si
580 1399 629 1436 ad
648 1398 836 1437 Rhodum
855 1398 1023 1445 accessit,
1044 1397 1194 1436 videtur
1217 1398 1315 1437 mihi

187 1452 328 1491 Asiam
346 1453 555 1505 reliquisse.
588 1453 637 1491 Id
652 1453 683 1492 si
700 1453 754 1491 ita
773 1462 842 1501 est,
861 1452 945 1491 istic
963 1452 1034 1491 tibi
1052 1464 1185 1491 censeo
1208 1466 1313 1491 com-

188 1507 445 1545 morandum:
477 1508 537 1545 sin
568 1520 653 1546 eam
687 1508 804 1545 semel
833 1507 946 1558 cepit,
976 1506 1074 1544 mihi
1093 1506 1214 1554 crede,
1235 1519 1314 1545 non

188 1561 284 1599 erit:
306 1570 346 1599 at
359 1561 400 1599 in
420 1561 558 1600 Asiam
582 1575 715 1600 censeo
733 1561 1054 1613 persequendum.
1085 1561 1199 1599 Nihil
1216 1561 1314 1600 mihi

187 1614 326 1654 videris
340 1615 412 1654 hoc
430 1623 602 1667 tempore
620 1616 759 1655 melius
783 1623 951 1654 acturus.
981 1648 984 1649 γ

243 1669 364 1718 Quod
392 1683 501 1721 egere
529 1677 567 1708 te
599 1670 750 1709 duabus
782 1669 998 1708 necessariis
1024 1670 1136 1708 rebus
1169 1670 1314 1719 scribis,

187 1724 458 1786 supplemento
477 1732 513 1763 et
531 1725 708 1776 pecunia,
729 1724 881 1763 difficile
901 1724 1103 1763 consilium
1122 1732 1189 1763 est.
1219 1725 1315 1763 Non

188 1778 295 1817 enim
312 1778 411 1817 mihi
437 1788 642 1818 occurrunt
666 1779 881 1827 facultates,
911 1779 1053 1831 quibus
1072 1778 1130 1816 uti
1148 1785 1186 1817 te
1203 1792 1313 1830 posse

188 1833 356 1881 videam,
382 1840 520 1884 praeter
537 1833 623 1872 illas
643 1848 740 1886 quas
758 1840 912 1872 senatus
936 1833 1114 1881 decrevit,
1134 1840 1180 1871 ut
1196 1846 1312 1885 pecu-

189 1887 272 1926 nias
291 1901 314 1926 a
339 1887 556 1926 civitatibus
573 1896 730 1927 mutuas
749 1901 930 1927 sumeres.
965 1888 1063 1926 Des
1047 1887 1314 1939 supplemento

191 1949 324 1980 autem
351 1954 429 1980 non
452 1941 561 1980 video
598 1943 694 1995 quid
717 1943 799 1981 fieri
826 1943 956 1994 possit.
997 1941 1172 1980 Tantum
1209 1942 1313 1980 enim

191 1997 314 2044 abest,
333 2004 379 2034 ut
404 1997 545 2045 Pansa,
566 1997 614 2035 de
632 1998 800 2036 exercitu
819 2010 890 2036 suo
904 2004 971 2035 aut
985 1996 1148 2043 delectu,
1161 1995 1232 2035 fibi
1246 1995 1317 2034 ali-

193 2050 288 2102 quid
315 2051 474 2100 tribuat,
500 2058 546 2089 ut
564 2052 681 2090 etiam
698 2052 860 2090 moleste
877 2051 988 2098 ferat,
1009 2058 1090 2089 tam
1108 2025 1252 2088 niultos
1269 2049 1320 2088 ad

192 2111 232 2142 te
253 2104 308 2144 ire
337 2105 596 2143 voluntarios·
632 2106 827 2157 quomodo
853 2105 1032 2159 equidem
1051 2104 1176 2150 credo,
1197 2104 1316 2156 quod,

192 2157 254 2197 his
277 2160 391 2198 rebus
410 2173 498 2211 quae
520 2160 561 2197 in
595 2160 711 2198 Italia
735 2161 1006 2207 decernuntur,
1035 2159 1163 2197 nullas
1191 2158 1318 2210 copias

193 2212 310 2253 nimis
327 2226 489 2266 magnas
501 2227 580 2253 esse
593 2214 818 2261 arbitretur3
841 2213 1035 2266 quomodo
1053 2220 1183 2252 autem
1203 2212 1318 2252 multi
