1513 2370
359 98 445 138 AD
471 98 759 140 ATTICUM.
789 100 886 139 Lus.
905 98 1009 140 XII.
1038 100 1104 138 40.
1218 100 1295 138 129

173 204 427 259 Quamquam
451 207 523 248 tibi
539 208 708 258 remitto,
727 210 801 249 nisi
819 209 915 263 quid
943 221 1093 248 necesse
1121 206 1207 256 erit,
1227 219 1296 245 ne-

174 272 275 299 cesse
298 272 348 300 ne
363 261 504 301 habeas
521 263 697 313 scribere,
717 265 792 303 nisi
810 265 882 304 eris
908 263 1020 302 valde
1045 263 1201 301 otiosus.
1230 261 1295 300 De

174 314 379 354 tabellariis
395 316 561 356 facerem
579 318 685 371 quod
698 319 847 368 suades,
864 318 896 358 si
916 325 1041 356 essent
1058 316 1149 355 uuae
1167 328 1296 355 neces-

173 367 282 407 sariae
299 369 433 419 literae,
448 380 494 410 ut
508 381 615 411 erant
634 373 742 419 olim,
763 387 866 423 cum,
886 371 1123 412 brevioribus
1142 369 1295 419 diebus,

171 428 303 461 tamen
321 425 492 476 quotidie
511 427 791 479 respondebant
820 427 985 479 tempori
1013 424 1227 470 tabellarii3
1259 431 1297 463 et

174 483 255 515 erat
273 478 434 530 aliquid,
468 480 600 531 Sinus,
626 482 795 531 Drusus,
822 483 897 521 alia
927 480 1118 533 quaedam.
1159 479 1295 526 Nunc,

174 530 249 569 nisi
267 532 375 572 Otho
393 536 611 585 exstitisset,
628 537 732 589 quod
744 538 1006 582 scriberemus,
1027 546 1104 573 non
1125 541 1216 571 erat.
1248 532 1298 570 Id

174 597 304 636 ipsum
323 587 488 628 dilatum
514 599 596 630 est:
627 599 758 630 tamen
783 593 939 639 assevor,
960 603 1050 629 cum
1074 589 1212 639 loquor
1242 596 1299 626 te-

171 651 263 678 cum
281 643 430 693 absens,
450 652 488 683 et
508 646 634 685 multo
653 647 769 685 etiam
786 646 924 698 magis,
952 657 1042 684 cum
1067 652 1154 681 tuas
1172 642 1301 680 literas

175 693 274 745 lego·
314 697 405 746 Sed,
429 700 615 751 quoniam
645 708 682 740 et
710 702 799 740 abes
826 702 898 754 (sic
918 700 1022 738 enim
1041 697 1235 744 arbitror),
1262 703 1301 734 et

176 749 365 809 scribendi
393 755 592 794 necessitas
621 756 731 794 nulla
760 764 829 805 ωε,
861 754 1129 807 conquiescent
1163 751 1301 797 literae,

174 803 248 842 msi
266 805 360 857 quid
377 809 468 847 novi
486 810 682 850 exstiterit.

396 972 510 1025 (40.)
541 974 751 1016 CICERO
781 974 992 1015 ATTICO
1023 974 1064 1014 S.

193 1131 201 1139 ι
230 1078 370 1127 Qualis
386 1081 518 1122 futura
535 1084 584 1123 sit
603 1085 762 1124 Caesaris
780 1083 1008 1136 vituperatio
1020 1089 1151 1122 contra
1167 1079 1303 1120 lauda-

174 1137 317 1173 tionem
336 1148 478 1186 meam,
497 1139 674 1191 perspexi
690 1153 737 1178 ex
749 1153 793 1179 eo
811 1139 923 1185 libro,
944 1151 1062 1190 quem
1082 1136 1236 1175 Hirtius
1254 1134 1304 1173 ad

175 1200 239 1226 me
250 1189 368 1238 misit,
380 1190 422 1229 in
437 1206 515 1244 quo
525 1193 670 1244 colligit
687 1194 780 1233 vitia
798 1193 969 1242 Catonis,
990 1192 1056 1231 sed
1074 1204 1164 1231 cum
1178 1189 1304 1228 maxi-

177 1241 252 1282 mis
270 1243 450 1285 laudibus
468 1247 576 1287 meis.
607 1247 746 1301 Itaque
763 1248 853 1287 misi
869 1248 1014 1286 librum
1033 1246 1083 1285 ad
1102 1245 1301 1293 Muscam,

178 1303 223 1334 ut
252 1298 328 1338 tuis
359 1299 524 1341 librariis
559 1302 690 1341 daret:
721 1303 807 1342 volo
833 1303 937 1340 enim
967 1314 1058 1340 eum
1082 1298 1303 1351 divulgari;

177 1352 283 1403 quod
301 1368 379 1406 quo
396 1354 545 1395 facilius
559 1357 640 1405 fiat,
659 1357 867 1410 imperabis
885 1357 974 1395 tuis.

232 1409 534 1458 Συμὲυυλευτικον
557 1425 658 1464 saepe
672 1425 810 1451 conor:
840 1411 940 1450 nihil
957 1409 1130 1463 reperio:
1160 1415 1198 1447 et
1216 1407 1304 1460 qui-

176 1460 266 1500 dem
279 1475 433 1502 mecum
446 1464 570 1505 habeo
589 1475 626 1505 et
646 1472 918 1517 Αριστοτελους
930 1473 969 1504 et
982 1473 1197 1513 Θεοπομπου
1215 1477 1305 1512 προς

176 1517 422 1569 Αλεξανδρονε
454 1519 519 1558 sed
544 1520 639 1573 quid
657 1521 813 1560 simile?
845 1520 926 1568 Illi,
951 1527 988 1558 et
1007 1532 1095 1571 quae
1118 1516 1210 1570 ipsis
1232 1516 1305 1554 ho-

174 1578 282 1610 nesta
294 1580 430 1623 essent,
450 1575 677 1623 scribebant,
699 1584 736 1614 et
754 1584 863 1627 grata
881 1573 1120 1614 Alexandro.
1151 1570 1306 1623 Ecquid

174 1630 219 1663 tu
237 1627 426 1687 ejusmodi
444 1630 585 1682 reperis
600 1632 618 1669 ‚⁹
647 1630 744 1668 mihi
764 1629 922 1682 quidem
944 1628 1043 1668 nihil
1067 1627 1108 1666 in
1132 1634 1304 1665 mentem

176 1688 293 1718 vemt.

229 1734 349 1783 Quod
381 1737 524 1788 scribis,
546 1746 583 1778 te
602 1739 735 1787 vereri,
761 1752 810 1778 ne
837 1747 876 1779 et
900 1739 1024 1792 gratia
1042 1745 1080 1777 et
1098 1735 1304 1776 auctoritas

173 1796 303 1828 nostra
318 1790 391 1830 hoc
408 1805 495 1832 meo
508 1806 668 1833 moerore
679 1794 900 1841 minuatum
923 1807 1007 1846 ego,
1023 1792 1119 1846 quid
1132 1790 1308 1829 homines

175 1851 244 1882 aut
262 1846 541 1897 reprehendant
555 1857 623 1887 aut
640 1849 849 1901 postulent,
869 1849 1007 1888 nescio.
1037 1848 1102 1886 Ne
1117 1845 1268 1884 doleam
1286 1846 1304 1882 Ρ

175 1899 247 1950 qui
282 1908 406 1952 potest
423 1903 442 1940 ?
485 1903 548 1942 Ne
579 1904 732 1954 jaceam
748 1906 765 1943 Ρ
806 1904 893 1956 quis
930 1914 1107 1955 unquam
1144 1899 1275 1938 minus
1292 1898 1311 1935 ’Ξ

175 1952 272 1992 dum
291 1963 360 1994 tua
387 1968 452 1995 me
481 1957 619 1997 domus
645 1958 812 2006 levabat,
833 1958 920 2010 quis
946 1971 970 1996 a
994 1970 1059 1996 me
1091 1954 1269 1995 exclusus
1286 1955 1305 1992 ἓ

175 2007 262 2059 quis
274 2009 392 2058 venit,
405 2011 475 2063 qui
492 2012 745 2052 offenderetur
756 2013 774 2050 Ρ
804 2013 991 2052 Asturam
1011 2024 1099 2050 sum
1118 2023 1142 2049 a
1159 2016 1197 2048 te
1215 2020 1305 2060 pro-

175 2061 309 2102 fectus.
348 2064 498 2116 Legere
522 2066 588 2106 isti
614 2067 708 2117 laeti,
728 2067 798 2120 qui
815 2081 879 2106 me
896 2065 1196 2120 reprehendunt,
1223 2071 1306 2100 tam

174 2116 301 2156 multa
327 2130 405 2157 non
422 2128 596 2172 possunt,
623 2135 743 2174 quam
773 2135 844 2175 ego
863 2122 1023 2174 scripsi;
1054 2132 1176 2173 quam
1191 2120 1305 2164 bene,

174 2170 274 2209 nihil
291 2172 341 2211 ad
358 2186 440 2212 rem
450 2189 462 2213 ε
483 2175 550 2215 sed
563 2189 686 2227 genus
704 2177 893 2217 scribendi
911 2176 954 2214 id
965 2176 1056 2223 fuit,
1072 2173 1178 2227 quod
1192 2183 1309 2210 nemo

176 2225 324 2276 abjecto
346 2228 478 2269 animo
502 2230 624 2271 facere
648 2239 787 2284 posset.
831 2230 1015 2284 Triginta
1031 2229 1112 2269 dios
1129 2228 1171 2267 in
1188 2225 1310 2267 hortis
