<?xml version="1.0" encoding="UTF-8"?>
<!DOCTYPE html PUBLIC "-//W3C//DTD XHTML 1.0 Transitional//EN"
    "http://www.w3.org/TR/xhtml1/DTD/xhtml1-transitional.dtd">
<html xmlns="http://www.w3.org/1999/xhtml" xml:lang="en" lang="en">
 <head>
  <title>
</title>
<meta http-equiv="Content-Type" content="text/html;charset=utf-8" />
  <meta name='ocr-system' content='tesseract 3.04.00' />
  <meta name='ocr-capabilities' content='ocr_page ocr_carea ocr_par ocr_line ocrx_word'/>
</head>
<body>
  <div class='ocr_page' id='page_1' title='image "./operaern11ciceuoft_0079.png"; bbox 0 0 1467 2401; ppageno 0'>
   <div class='ocr_carea' id='block_1_1' title="bbox 355 70 1270 112">
    <p class='ocr_par' dir='ltr' id='par_1_1' title="bbox 355 70 1270 112">
     <span class='ocr_line' id='line_1_1' title="bbox 355 70 1270 112; baseline -0.004 0"><span class='ocrx_word' id='word_1_1' title='bbox 355 73 439 112; x_wconf 92' lang='lat' dir='ltr'>AD</span> <span class='ocrx_word' id='word_1_2' title='bbox 467 72 750 112; x_wconf 76' lang='lat' dir='ltr'>ATTIGUM.</span> <span class='ocrx_word' id='word_1_3' title='bbox 783 72 881 110; x_wconf 69' lang='lat'>1118.</span> <span class='ocrx_word' id='word_1_4' title='bbox 912 70 965 108; x_wconf 86' lang='lat' dir='ltr'>X.</span> <span class='ocrx_word' id='word_1_5' title='bbox 1003 71 1061 108; x_wconf 82' lang='lat'>16.</span> <span class='ocrx_word' id='word_1_6' title='bbox 1218 72 1270 109; x_wconf 74' lang='lat'>65</span> 
     </span>
    </p>
   </div>
   <div class='ocr_carea' id='block_1_2' title="bbox 146 178 1294 1860">
    <p class='ocr_par' dir='ltr' id='par_1_2' title="bbox 146 178 1289 1101">
     <span class='ocr_line' id='line_1_2' title="bbox 206 178 1276 233; baseline -0.002 -13"><span class='ocrx_word' id='word_1_7' title='bbox 206 180 325 231; x_wconf 84' lang='lat' dir='ltr'>Quod</span> <span class='ocrx_word' id='word_1_8' title='bbox 348 188 472 233; x_wconf 85' lang='lat' dir='ltr'>optas,</span> <span class='ocrx_word' id='word_1_9' title='bbox 505 181 723 221; x_wconf 85' lang='lat' dir='ltr'>Coelianum</span> <span class='ocrx_word' id='word_1_10' title='bbox 754 179 852 218; x_wconf 90' lang='lat' dir='ltr'>illud</span> <span class='ocrx_word' id='word_1_11' title='bbox 874 178 1106 217; x_wconf 57' lang='lat' dir='ltr'>maturescit.</span> <span class='ocrx_word' id='word_1_12' title='bbox 1137 179 1276 231; x_wconf 82' lang='lat' dir='ltr'>Itaque</span> 
     </span>
     <span class='ocr_line' id='line_1_3' title="bbox 155 232 1279 288; baseline -0.004 -11"><span class='ocrx_word' id='word_1_13' title='bbox 155 244 347 288; x_wconf 70' lang='lat' dir='ltr'>torqueor,</span> <span class='ocrx_word' id='word_1_14' title='bbox 371 243 504 274; x_wconf 88' lang='lat' dir='ltr'>utrum</span> <span class='ocrx_word' id='word_1_15' title='bbox 534 244 693 275; x_wconf 85' lang='lat' dir='ltr'>ventum</span> <span class='ocrx_word' id='word_1_16' title='bbox 723 242 951 286; x_wconf 80' lang='lat' dir='ltr'><strong>exspectem.</strong></span> <span class='ocrx_word' id='word_1_17' title='bbox 992 232 1149 272; x_wconf 78' lang='lat' dir='ltr'>Vexillo</span> <span class='ocrx_word' id='word_1_18' title='bbox 1182 247 1279 285; x_wconf 92' lang='lat' dir='ltr'>opus</span> 
     </span>
     <span class='ocr_line' id='line_1_4' title="bbox 155 287 1279 339; baseline -0.004 -9"><span class='ocrx_word' id='word_1_19' title='bbox 155 298 238 330; x_wconf 78' lang='lat' dir='ltr'>est:</span> <span class='ocrx_word' id='word_1_20' title='bbox 268 290 536 330; x_wconf 89' lang='lat' dir='ltr'>convolabunt.</span> <span class='ocrx_word' id='word_1_21' title='bbox 581 289 700 338; x_wconf 82' lang='lat' dir='ltr'>Quod</span> <span class='ocrx_word' id='word_1_22' title='bbox 727 289 862 327; x_wconf 84' lang='lat' dir='ltr'>suades</span> <span class='ocrx_word' id='word_1_23' title='bbox 889 295 932 325; x_wconf 91' lang='lat' dir='ltr'>ut</span> <span class='ocrx_word' id='word_1_24' title='bbox 950 287 1096 339; x_wconf 83' lang='lat' dir='ltr'>palam,</span> <span class='ocrx_word' id='word_1_25' title='bbox 1125 300 1279 339; x_wconf 87' lang='lat' dir='ltr'>prorsus</span> 
     </span>
     <span class='ocr_line' id='line_1_5' title="bbox 155 341 1281 396; baseline -0.004 -12"><span class='ocrx_word' id='word_1_26' title='bbox 155 344 361 386; x_wconf 70' lang='lat' dir='ltr'>assentior:</span> <span class='ocrx_word' id='word_1_27' title='bbox 382 344 531 396; x_wconf 83' lang='lat' dir='ltr'>ita-que</span> <span class='ocrx_word' id='word_1_28' title='bbox 543 357 605 382; x_wconf 89' lang='lat' dir='ltr'>me</span> <span class='ocrx_word' id='word_1_29' title='bbox 617 343 876 396; x_wconf 78' lang='lat' dir='ltr'>profecturum</span> <span class='ocrx_word' id='word_1_30' title='bbox 892 349 999 394; x_wconf 84' lang='lat' dir='ltr'>puto.</span> <span class='ocrx_word' id='word_1_31' title='bbox 1029 341 1137 379; x_wconf 86' lang='lat' dir='ltr'>Tuas</span> <span class='ocrx_word' id='word_1_32' title='bbox 1153 350 1281 380; x_wconf 89' lang='lat' dir='ltr'>tamen</span> 
     </span>
     <span class='ocr_line' id='line_1_6' title="bbox 156 395 1282 449; baseline -0.004 -11"><span class='ocrx_word' id='word_1_33' title='bbox 156 398 310 439; x_wconf 84' lang='lat' dir='ltr'>interim</span> <span class='ocrx_word' id='word_1_34' title='bbox 327 399 456 437; x_wconf 84' lang='lat' dir='ltr'><strong>literas</strong></span> <span class='ocrx_word' id='word_1_35' title='bbox 475 405 663 449; x_wconf 80' lang='lat' dir='ltr'>exspecto.</span> <span class='ocrx_word' id='word_1_36' title='bbox 708 397 829 435; x_wconf 72' lang='lat' dir='ltr'>Servii</span> <span class='ocrx_word' id='word_1_37' title='bbox 854 396 1009 435; x_wconf 88' lang='lat' dir='ltr'>consilio</span> <span class='ocrx_word' id='word_1_38' title='bbox 1039 395 1138 432; x_wconf 88' lang='lat' dir='ltr'>nihil</span> <span class='ocrx_word' id='word_1_39' title='bbox 1167 409 1282 448; x_wconf 80' lang='lat' dir='ltr'>expe-</span> 
     </span>
     <span class='ocr_line' id='line_1_7' title="bbox 146 450 1284 503; baseline -0.004 -11"><span class='ocrx_word' id='word_1_40' title='bbox 146 453 276 492; x_wconf 80' lang='lat' dir='ltr'>·ditur.</span> <span class='ocrx_word' id='word_1_41' title='bbox 325 452 476 491; x_wconf 89' lang='lat' dir='ltr'><strong>Omnes</strong></span> <span class='ocrx_word' id='word_1_42' title='bbox 503 453 695 503; x_wconf 84' lang='lat' dir='ltr'>captiones</span> <span class='ocrx_word' id='word_1_43' title='bbox 724 452 765 488; x_wconf 90' lang='lat' dir='ltr'>in</span> <span class='ocrx_word' id='word_1_44' title='bbox 794 451 900 489; x_wconf 80' lang='lat' dir='ltr'>omni</span> <span class='ocrx_word' id='word_1_45' title='bbox 929 450 1116 488; x_wconf 69' lang='lat' dir='ltr'>sententia</span> <span class='ocrx_word' id='word_1_46' title='bbox 1152 463 1284 488; x_wconf 88' lang='lat' dir='ltr'>occur-</span> 
     </span>
     <span class='ocr_line' id='line_1_8' title="bbox 158 504 1285 556; baseline -0.003 -10"><span class='ocrx_word' id='word_1_47' title='bbox 158 515 260 546; x_wconf 75' lang='lat' dir='ltr'>runt.</span> <span class='ocrx_word' id='word_1_48' title='bbox 283 507 420 545; x_wconf 89' lang='lat' dir='ltr'>Unum</span> <span class='ocrx_word' id='word_1_49' title='bbox 440 507 484 546; x_wconf 90' lang='lat' dir='ltr'>C.</span> <span class='ocrx_word' id='word_1_50' title='bbox 501 507 690 544; x_wconf 81' lang='lat' dir='ltr'>Marcello</span> <span class='ocrx_word' id='word_1_51' title='bbox 709 505 868 556; x_wconf 78' lang='lat' dir='ltr'>cognovi</span> <span class='ocrx_word' id='word_1_52' title='bbox 886 504 1144 549; x_wconf 77' lang='lat' dir='ltr'>tilnidioren13</span> <span class='ocrx_word' id='word_1_53' title='bbox 1167 516 1285 555; x_wconf 90' lang='lat' dir='ltr'>quem</span> 
     </span>
     <span class='ocr_line' id='line_1_9' title="bbox 155 557 1283 611; baseline -0.004 -11"><span class='ocrx_word' id='word_1_54' title='bbox 155 561 352 600; x_wconf 83' lang='lat' dir='ltr'>consulem</span> <span class='ocrx_word' id='word_1_55' title='bbox 374 561 492 599; x_wconf 89' lang='lat' dir='ltr'>fuisse</span> <span class='ocrx_word' id='word_1_56' title='bbox 516 561 686 611; x_wconf 84' lang='lat' dir='ltr'>poenitet.</span> <span class='ocrx_word' id='word_1_57' title='bbox 734 566 763 596; x_wconf 69' lang='grc' dir='ltr'>Ω</span> <span class='ocrx_word' id='word_1_58' title='bbox 788 566 935 603; x_wconf 60' lang='lat' dir='ltr'>mmm·</span> <span class='ocrx_word' id='word_1_59' title='bbox 968 557 1169 605; x_wconf 64' lang='grc' dir='ltr'>αγεννειαςῑ</span> <span class='ocrx_word' id='word_1_60' title='bbox 1215 559 1283 610; x_wconf 77' lang='lat' dir='ltr'>qui</span> 
     </span>
     <span class='ocr_line' id='line_1_10' title="bbox 158 612 1285 663; baseline -0.005 -9"><span class='ocrx_word' id='word_1_61' title='bbox 158 615 275 654; x_wconf 87' lang='lat' dir='ltr'>etiam</span> <span class='ocrx_word' id='word_1_62' title='bbox 299 615 520 654; x_wconf 83' lang='lat' dir='ltr'>Antonium</span> <span class='ocrx_word' id='word_1_63' title='bbox 550 612 791 653; x_wconf 70' lang='lat' dir='ltr'>confirmasse</span> <span class='ocrx_word' id='word_1_64' title='bbox 817 613 969 661; x_wconf 89' lang='lat' dir='ltr'>dicitur,</span> <span class='ocrx_word' id='word_1_65' title='bbox 990 618 1034 649; x_wconf 85' lang='lat' dir='ltr'>ut</span> <span class='ocrx_word' id='word_1_66' title='bbox 1066 623 1130 649; x_wconf 91' lang='lat' dir='ltr'>me</span> <span class='ocrx_word' id='word_1_67' title='bbox 1160 612 1285 663; x_wconf 88' lang='lat' dir='ltr'>impe-</span> 
     </span>
     <span class='ocr_line' id='line_1_11' title="bbox 159 665 1283 721; baseline -0.004 -13"><span class='ocrx_word' id='word_1_68' title='bbox 159 669 281 716; x_wconf 65' lang='lat' dir='ltr'>diret3</span> <span class='ocrx_word' id='word_1_69' title='bbox 299 682 376 721; x_wconf 92' lang='lat' dir='ltr'>quo</span> <span class='ocrx_word' id='word_1_70' title='bbox 404 669 498 721; x_wconf 84' lang='lat' dir='ltr'>ipse,</span> <span class='ocrx_word' id='word_1_71' title='bbox 521 669 645 715; x_wconf 82' lang='lat' dir='ltr'>credo,</span> <span class='ocrx_word' id='word_1_72' title='bbox 669 667 877 706; x_wconf 78' lang='lat' dir='ltr'>honestius.</span> <span class='ocrx_word' id='word_1_73' title='bbox 913 665 1111 705; x_wconf 91' lang='lat' dir='ltr'>Antonius</span> <span class='ocrx_word' id='word_1_74' title='bbox 1137 674 1283 715; x_wconf 86' lang='lat' dir='ltr'>autem,</span> 
     </span>
     <span class='ocr_line' id='line_1_12' title="bbox 160 719 1287 775; baseline -0.007 -13"><span class='ocrx_word' id='word_1_75' title='bbox 160 723 225 763; x_wconf 91' lang='lat' dir='ltr'>VI</span> <span class='ocrx_word' id='word_1_76' title='bbox 245 723 342 762; x_wconf 89' lang='lat' dir='ltr'>Idus</span> <span class='ocrx_word' id='word_1_77' title='bbox 358 724 534 775; x_wconf 86' lang='lat' dir='ltr'>Capuam</span> <span class='ocrx_word' id='word_1_78' title='bbox 546 723 738 774; x_wconf 84' lang='lat' dir='ltr'>profectus</span> <span class='ocrx_word' id='word_1_79' title='bbox 753 730 832 760; x_wconf 80' lang='lat' dir='ltr'>est:</span> <span class='ocrx_word' id='word_1_80' title='bbox 855 721 905 759; x_wconf 85' lang='lat' dir='ltr'>ad</span> <span class='ocrx_word' id='word_1_81' title='bbox 921 734 984 759; x_wconf 87' lang='lat' dir='ltr'>me</span> <span class='ocrx_word' id='word_1_82' title='bbox 1002 719 1121 767; x_wconf 80' lang='lat' dir='ltr'>misit,</span> <span class='ocrx_word' id='word_1_83' title='bbox 1143 733 1195 768; x_wconf 88' lang='lat' dir='ltr'>se,</span> <span class='ocrx_word' id='word_1_84' title='bbox 1211 734 1287 772; x_wconf 89' lang='lat' dir='ltr'>pu.</span> 
     </span>
     <span class='ocr_line' id='line_1_13' title="bbox 161 774 1288 826; baseline -0.003 -10"><span class='ocrx_word' id='word_1_85' title='bbox 161 777 252 816; x_wconf 88' lang='lat' dir='ltr'>dore</span> <span class='ocrx_word' id='word_1_86' title='bbox 274 777 513 825; x_wconf 82' lang='lat' dir='ltr'>deterritum,</span> <span class='ocrx_word' id='word_1_87' title='bbox 534 777 584 816; x_wconf 88' lang='lat' dir='ltr'>ad</span> <span class='ocrx_word' id='word_1_88' title='bbox 612 790 676 815; x_wconf 90' lang='lat' dir='ltr'>me</span> <span class='ocrx_word' id='word_1_89' title='bbox 707 789 785 815; x_wconf 87' lang='lat' dir='ltr'>non</span> <span class='ocrx_word' id='word_1_90' title='bbox 817 776 975 824; x_wconf 75' lang='lat' dir='ltr'>venisse,</span> <span class='ocrx_word' id='word_1_91' title='bbox 1004 774 1108 826; x_wconf 88' lang='lat' dir='ltr'>quod</span> <span class='ocrx_word' id='word_1_92' title='bbox 1131 787 1195 812; x_wconf 88' lang='lat' dir='ltr'>me</span> <span class='ocrx_word' id='word_1_93' title='bbox 1215 775 1288 813; x_wconf 88' lang='lat' dir='ltr'>sibi</span> 
     </span>
     <span class='ocr_line' id='line_1_14' title="bbox 163 828 1288 884; baseline -0.004 -13"><span class='ocrx_word' id='word_1_94' title='bbox 163 845 380 871; x_wconf 87' lang='lat' dir='ltr'>succensere</span> <span class='ocrx_word' id='word_1_95' title='bbox 404 840 569 884; x_wconf 83' lang='lat' dir='ltr'>putaret.</span> <span class='ocrx_word' id='word_1_96' title='bbox 613 832 741 870; x_wconf 81' lang='lat' dir='ltr'>Ibitur</span> <span class='ocrx_word' id='word_1_97' title='bbox 771 830 902 882; x_wconf 78' lang='lat' dir='ltr'>igitur,</span> <span class='ocrx_word' id='word_1_98' title='bbox 923 838 960 868; x_wconf 86' lang='lat' dir='ltr'>et</span> <span class='ocrx_word' id='word_1_99' title='bbox 977 829 1031 866; x_wconf 82' lang='lat' dir='ltr'>ita</span> <span class='ocrx_word' id='word_1_100' title='bbox 1050 828 1223 879; x_wconf 86' lang='lat' dir='ltr'>quidem,</span> <span class='ocrx_word' id='word_1_101' title='bbox 1243 836 1288 867; x_wconf 83' lang='lat' dir='ltr'>ut</span> 
     </span>
     <span class='ocr_line' id='line_1_15' title="bbox 163 883 1289 937; baseline -0.004 -12"><span class='ocrx_word' id='word_1_102' title='bbox 163 899 316 933; x_wconf 85' lang='lat' dir='ltr'>censes;</span> <span class='ocrx_word' id='word_1_103' title='bbox 338 887 411 925; x_wconf 86' lang='lat' dir='ltr'>nisi</span> <span class='ocrx_word' id='word_1_104' title='bbox 430 887 540 936; x_wconf 84' lang='lat' dir='ltr'>cujus</span> <span class='ocrx_word' id='word_1_105' title='bbox 558 886 740 937; x_wconf 69' lang='lat' dir='ltr'>gram‘oris</span> <span class='ocrx_word' id='word_1_106' title='bbox 752 897 921 936; x_wconf 85' lang='lat' dir='ltr'>personae</span> <span class='ocrx_word' id='word_1_107' title='bbox 936 883 1184 933; x_wconf 60' lang='lat' dir='ltr'>suscipiendae</span> <span class='ocrx_word' id='word_1_108' title='bbox 1203 896 1289 934; x_wconf 85' lang='lat' dir='ltr'>spes</span> 
     </span>
     <span class='ocr_line' id='line_1_16' title="bbox 164 937 1287 979; baseline -0.004 0"><span class='ocrx_word' id='word_1_109' title='bbox 164 941 234 979; x_wconf 89' lang='lat' dir='ltr'>erit</span> <span class='ocrx_word' id='word_1_110' title='bbox 248 951 337 979; x_wconf 86' lang='lat' dir='ltr'>ante</span> <span class='ocrx_word' id='word_1_111' title='bbox 351 941 489 979; x_wconf 86' lang='lat' dir='ltr'>oblata.</span> <span class='ocrx_word' id='word_1_112' title='bbox 511 941 586 979; x_wconf 75' lang='lat' dir='ltr'>Sed</span> <span class='ocrx_word' id='word_1_113' title='bbox 598 940 664 978; x_wconf 75' lang='lat' dir='ltr'>vix</span> <span class='ocrx_word' id='word_1_114' title='bbox 679 940 748 978; x_wconf 83' lang='lat' dir='ltr'>erit</span> <span class='ocrx_word' id='word_1_115' title='bbox 763 948 841 977; x_wconf 77' lang='lat' dir='ltr'>tam</span> <span class='ocrx_word' id='word_1_116' title='bbox 856 939 940 977; x_wconf 87' lang='lat' dir='ltr'>cito.</span> <span class='ocrx_word' id='word_1_117' title='bbox 961 937 1141 976; x_wconf 78' lang='lat' dir='ltr'>Allienus</span> <span class='ocrx_word' id='word_1_118' title='bbox 1156 946 1287 975; x_wconf 88' lang='lat' dir='ltr'>autem</span> 
     </span>
     <span class='ocr_line' id='line_1_17' title="bbox 164 991 1285 1047; baseline -0.004 -13"><span class='ocrx_word' id='word_1_119' title='bbox 164 1002 304 1047; x_wconf 88' lang='lat' dir='ltr'>praetor</span> <span class='ocrx_word' id='word_1_120' title='bbox 322 997 483 1046; x_wconf 88' lang='lat' dir='ltr'>putabat</span> <span class='ocrx_word' id='word_1_121' title='bbox 497 994 680 1046; x_wconf 87' lang='lat' dir='ltr'>aliquem,</span> <span class='ocrx_word' id='word_1_122' title='bbox 697 994 729 1032; x_wconf 88' lang='lat' dir='ltr'>si</span> <span class='ocrx_word' id='word_1_123' title='bbox 747 1007 817 1044; x_wconf 85' lang='lat' dir='ltr'>ego</span> <span class='ocrx_word' id='word_1_124' title='bbox 836 1006 928 1041; x_wconf 88' lang='lat' dir='ltr'>non,</span> <span class='ocrx_word' id='word_1_125' title='bbox 945 1006 993 1031; x_wconf 81' lang='lat' dir='ltr'>ex</span> <span class='ocrx_word' id='word_1_126' title='bbox 1009 991 1161 1042; x_wconf 84' lang='lat' dir='ltr'>collegis</span> <span class='ocrx_word' id='word_1_127' title='bbox 1181 992 1285 1037; x_wconf 89' lang='lat' dir='ltr'>suis;</span> 
     </span>
     <span class='ocr_line' id='line_1_18' title="bbox 167 1048 816 1101; baseline -0.005 -13"><span class='ocrx_word' id='word_1_128' title='bbox 167 1049 292 1101; x_wconf 86' lang='lat' dir='ltr'>quivis</span> <span class='ocrx_word' id='word_1_129' title='bbox 310 1050 412 1096; x_wconf 87' lang='lat' dir='ltr'>licet,</span> <span class='ocrx_word' id='word_1_130' title='bbox 433 1048 645 1086; x_wconf 85' lang='lat' dir='ltr'>dummodo</span> <span class='ocrx_word' id='word_1_131' title='bbox 665 1049 816 1099; x_wconf 85' lang='lat' dir='ltr'>aliquis.</span> 
     </span>
    </p>

    <p class='ocr_par' dir='ltr' id='par_1_3' title="bbox 163 1100 1291 1576">
     <span class='ocr_line' id='line_1_19' title="bbox 220 1100 1288 1153; baseline -0.002 -11"><span class='ocrx_word' id='word_1_132' title='bbox 220 1103 284 1142; x_wconf 92' lang='lat' dir='ltr'>De</span> <span class='ocrx_word' id='word_1_133' title='bbox 302 1116 440 1149; x_wconf 86' lang='lat' dir='ltr'>sorore,</span> <span class='ocrx_word' id='word_1_134' title='bbox 460 1103 588 1141; x_wconf 90' lang='lat' dir='ltr'>laudo.</span> <span class='ocrx_word' id='word_1_135' title='bbox 619 1102 682 1140; x_wconf 89' lang='lat' dir='ltr'>De</span> <span class='ocrx_word' id='word_1_136' title='bbox 702 1103 851 1150; x_wconf 85' lang='lat' dir='ltr'>Quinto</span> <span class='ocrx_word' id='word_1_137' title='bbox 870 1114 1004 1153; x_wconf 86' lang='lat' dir='ltr'>puero,</span> <span class='ocrx_word' id='word_1_138' title='bbox 1024 1100 1138 1139; x_wconf 81' lang='lat' dir='ltr'>datur</span> <span class='ocrx_word' id='word_1_139' title='bbox 1152 1114 1288 1153; x_wconf 85' lang='lat' dir='ltr'>opera:</span> 
     </span>
     <span class='ocr_line' id='line_1_20' title="bbox 165 1155 1289 1209; baseline -0.002 -13"><span class='ocrx_word' id='word_1_140' title='bbox 165 1170 275 1209; x_wconf 86' lang='lat' dir='ltr'>spero</span> <span class='ocrx_word' id='word_1_141' title='bbox 290 1170 370 1196; x_wconf 89' lang='lat' dir='ltr'>esse</span> <span class='ocrx_word' id='word_1_142' title='bbox 388 1157 558 1195; x_wconf 85' lang='lat' dir='ltr'>meliora.</span> <span class='ocrx_word' id='word_1_143' title='bbox 588 1157 651 1194; x_wconf 88' lang='lat' dir='ltr'>De</span> <span class='ocrx_word' id='word_1_144' title='bbox 671 1157 821 1204; x_wconf 80' lang='lat' dir='ltr'>Quinto</span> <span class='ocrx_word' id='word_1_145' title='bbox 839 1155 970 1204; x_wconf 79' lang='lat' dir='ltr'>fratre,</span> <span class='ocrx_word' id='word_1_146' title='bbox 991 1155 1082 1194; x_wconf 88' lang='lat' dir='ltr'>scito</span> <span class='ocrx_word' id='word_1_147' title='bbox 1101 1168 1192 1193; x_wconf 86' lang='lat' dir='ltr'>eum</span> <span class='ocrx_word' id='word_1_148' title='bbox 1211 1168 1289 1194; x_wconf 87' lang='lat' dir='ltr'>non</span> 
     </span>
     <span class='ocr_line' id='line_1_21' title="bbox 163 1209 1290 1251; baseline -0.003 -1"><span class='ocrx_word' id='word_1_149' title='bbox 163 1211 404 1250; x_wconf 75' lang='lat' dir='ltr'>mediocriter</span> <span class='ocrx_word' id='word_1_150' title='bbox 421 1211 594 1250; x_wconf 78' lang='lat' dir='ltr'>laborare</span> <span class='ocrx_word' id='word_1_151' title='bbox 613 1211 660 1249; x_wconf 90' lang='lat' dir='ltr'>de</span> <span class='ocrx_word' id='word_1_152' title='bbox 678 1211 797 1249; x_wconf 64' lang='lat' dir='ltr'>usura</span> <span class='ocrx_word' id='word_1_153' title='bbox 812 1225 821 1248; x_wconf 92' lang='lat'>:</span> <span class='ocrx_word' id='word_1_154' title='bbox 853 1210 919 1248; x_wconf 87' lang='lat' dir='ltr'>sed</span> <span class='ocrx_word' id='word_1_155' title='bbox 937 1210 1063 1248; x_wconf 84' lang='lat' dir='ltr'>adhuc</span> <span class='ocrx_word' id='word_1_156' title='bbox 1081 1209 1180 1247; x_wconf 89' lang='lat' dir='ltr'>nihil</span> <span class='ocrx_word' id='word_1_157' title='bbox 1198 1223 1222 1247; x_wconf 90' lang='lat' dir='ltr'>a</span> <span class='ocrx_word' id='word_1_158' title='bbox 1240 1210 1290 1251; x_wconf 85' lang='lat' dir='ltr'>L.</span> 
     </span>
     <span class='ocr_line' id='line_1_22' title="bbox 165 1264 1286 1317; baseline -0.001 -12"><span class='ocrx_word' id='word_1_159' title='bbox 165 1266 335 1317; x_wconf 82' lang='lat' dir='ltr'>Egnatio</span> <span class='ocrx_word' id='word_1_160' title='bbox 354 1265 549 1317; x_wconf 76' lang='lat' dir='ltr'>expressit.</span> <span class='ocrx_word' id='word_1_161' title='bbox 597 1265 729 1303; x_wconf 78' lang='lat' dir='ltr'>Axius</span> <span class='ocrx_word' id='word_1_162' title='bbox 755 1265 802 1303; x_wconf 88' lang='lat' dir='ltr'>de</span> <span class='ocrx_word' id='word_1_163' title='bbox 820 1264 910 1302; x_wconf 84' lang='lat' dir='ltr'>XII</span> <span class='ocrx_word' id='word_1_164' title='bbox 929 1264 1103 1302; x_wconf 81' lang='lat' dir='ltr'>minibus</span> <span class='ocrx_word' id='word_1_165' title='bbox 1122 1264 1286 1315; x_wconf 84' lang='lat' dir='ltr'>pudens.</span> 
     </span>
     <span class='ocr_line' id='line_1_23' title="bbox 165 1318 1286 1372; baseline -0.002 -13"><span class='ocrx_word' id='word_1_166' title='bbox 165 1321 276 1372; x_wconf 88' lang='lat' dir='ltr'>Saepe</span> <span class='ocrx_word' id='word_1_167' title='bbox 296 1319 400 1359; x_wconf 84' lang='lat' dir='ltr'>enim</span> <span class='ocrx_word' id='word_1_168' title='bbox 420 1319 632 1370; x_wconf 80' lang='lat' dir='ltr'>adscripsit,</span> <span class='ocrx_word' id='word_1_169' title='bbox 654 1328 698 1356; x_wconf 84' lang='lat' dir='ltr'>ut</span> <span class='ocrx_word' id='word_1_170' title='bbox 719 1319 862 1367; x_wconf 82' lang='lat' dir='ltr'>Gallio,</span> <span class='ocrx_word' id='word_1_171' title='bbox 891 1327 1082 1369; x_wconf 87' lang='lat' dir='ltr'>quantum</span> <span class='ocrx_word' id='word_1_172' title='bbox 1107 1318 1140 1355; x_wconf 87' lang='lat' dir='ltr'>is</span> <span class='ocrx_word' id='word_1_173' title='bbox 1159 1318 1286 1370; x_wconf 86' lang='lat' dir='ltr'>vellet,</span> 
     </span>
     <span class='ocr_line' id='line_1_24' title="bbox 163 1372 1291 1424; baseline -0.002 -12"><span class='ocrx_word' id='word_1_174' title='bbox 163 1373 308 1413; x_wconf 86' lang='lat' dir='ltr'>darem.</span> <span class='ocrx_word' id='word_1_175' title='bbox 338 1373 457 1422; x_wconf 85' lang='lat' dir='ltr'>Quod</span> <span class='ocrx_word' id='word_1_176' title='bbox 476 1373 509 1412; x_wconf 89' lang='lat' dir='ltr'>si</span> <span class='ocrx_word' id='word_1_177' title='bbox 526 1386 603 1412; x_wconf 85' lang='lat' dir='ltr'>non</span> <span class='ocrx_word' id='word_1_178' title='bbox 623 1373 841 1424; x_wconf 78' lang='lat' dir='ltr'>scripsisset,</span> <span class='ocrx_word' id='word_1_179' title='bbox 862 1385 1063 1424; x_wconf 88' lang='lat' dir='ltr'>possemne</span> <span class='ocrx_word' id='word_1_180' title='bbox 1083 1372 1223 1414; x_wconf 85' lang='lat' dir='ltr'>aliter?</span> <span class='ocrx_word' id='word_1_181' title='bbox 1254 1386 1291 1416; x_wconf 84' lang='lat' dir='ltr'>et</span> 
     </span>
     <span class='ocr_line' id='line_1_25' title="bbox 166 1427 1290 1480; baseline 0.003 -13"><span class='ocrx_word' id='word_1_182' title='bbox 166 1428 325 1480; x_wconf 88' lang='lat' dir='ltr'>quidem</span> <span class='ocrx_word' id='word_1_183' title='bbox 341 1441 440 1480; x_wconf 84' lang='lat' dir='ltr'>saepe</span> <span class='ocrx_word' id='word_1_184' title='bbox 458 1440 544 1466; x_wconf 90' lang='lat' dir='ltr'>sum</span> <span class='ocrx_word' id='word_1_185' title='bbox 564 1427 779 1479; x_wconf 82' lang='lat' dir='ltr'>pollicitus:</span> <span class='ocrx_word' id='word_1_186' title='bbox 811 1427 878 1465; x_wconf 83' lang='lat' dir='ltr'>sed</span> <span class='ocrx_word' id='word_1_187' title='bbox 896 1434 1047 1465; x_wconf 81' lang='lat' dir='ltr'>tantum</span> <span class='ocrx_word' id='word_1_188' title='bbox 1068 1427 1190 1466; x_wconf 89' lang='lat' dir='ltr'>voluit</span> <span class='ocrx_word' id='word_1_189' title='bbox 1203 1430 1290 1470; x_wconf 88' lang='lat' dir='ltr'>cito.</span> 
     </span>
     <span class='ocr_line' id='line_1_26' title="bbox 166 1481 1289 1533; baseline 0.004 -12"><span class='ocrx_word' id='word_1_190' title='bbox 166 1482 240 1522; x_wconf 85' lang='lat' dir='ltr'>Me</span> <span class='ocrx_word' id='word_1_191' title='bbox 264 1496 352 1522; x_wconf 88' lang='lat' dir='ltr'>vero</span> <span class='ocrx_word' id='word_1_192' title='bbox 372 1483 599 1532; x_wconf 82' lang='lat' dir='ltr'>adjuvarent</span> <span class='ocrx_word' id='word_1_193' title='bbox 616 1482 676 1520; x_wconf 86' lang='lat' dir='ltr'>his</span> <span class='ocrx_word' id='word_1_194' title='bbox 695 1482 736 1520; x_wconf 78' lang='lat' dir='ltr'>in</span> <span class='ocrx_word' id='word_1_195' title='bbox 755 1481 955 1533; x_wconf 85' lang='lat' dir='ltr'>angustiis.</span> <span class='ocrx_word' id='word_1_196' title='bbox 986 1481 1063 1519; x_wconf 83' lang='lat' dir='ltr'>Sed</span> <span class='ocrx_word' id='word_1_197' title='bbox 1081 1481 1151 1520; x_wconf 82' lang='lat' dir='ltr'>Dii</span> <span class='ocrx_word' id='word_1_198' title='bbox 1171 1484 1262 1524; x_wconf 89' lang='lat' dir='ltr'>istos</span> <span class='ocrx_word' id='word_1_199' title='bbox 1280 1487 1289 1524; x_wconf 73' lang='grc' dir='ltr'><strong>Ξ</strong></span> 
     </span>
     <span class='ocr_line' id='line_1_27' title="bbox 170 1536 447 1576; baseline -0.007 0"><span class='ocrx_word' id='word_1_200' title='bbox 170 1536 322 1576; x_wconf 88' lang='lat' dir='ltr'>Verum</span> <span class='ocrx_word' id='word_1_201' title='bbox 341 1537 447 1576; x_wconf 77' lang='lat' dir='ltr'>alias.</span> 
     </span>
    </p>

    <p class='ocr_par' dir='ltr' id='par_1_4' title="bbox 166 1590 1294 1860">
     <span class='ocr_line' id='line_1_28' title="bbox 223 1590 1292 1644; baseline 0.004 -15"><span class='ocrx_word' id='word_1_202' title='bbox 223 1591 282 1630; x_wconf 91' lang='lat' dir='ltr'>Te</span> <span class='ocrx_word' id='word_1_203' title='bbox 301 1605 324 1630; x_wconf 88' lang='lat' dir='ltr'>a</span> <span class='ocrx_word' id='word_1_204' title='bbox 342 1591 533 1644; x_wconf 61' lang='lat' dir='ltr'>quartana</span> <span class='ocrx_word' id='word_1_205' title='bbox 551 1591 756 1629; x_wconf 84' lang='lat' dir='ltr'>liberatum</span> <span class='ocrx_word' id='word_1_206' title='bbox 775 1590 937 1642; x_wconf 87' lang='lat' dir='ltr'>gaudeo,</span> <span class='ocrx_word' id='word_1_207' title='bbox 953 1590 1123 1642; x_wconf 89' lang='lat' dir='ltr'>itemque</span> <span class='ocrx_word' id='word_1_208' title='bbox 1136 1593 1292 1634; x_wconf 90' lang='lat' dir='ltr'>Piliam.</span> 
     </span>
     <span class='ocr_line' id='line_1_29' title="bbox 166 1645 1292 1698; baseline -0.002 -13"><span class='ocrx_word' id='word_1_209' title='bbox 166 1645 268 1698; x_wconf 88' lang='lat' dir='ltr'>Ego,</span> <span class='ocrx_word' id='word_1_210' title='bbox 289 1645 384 1684; x_wconf 90' lang='lat' dir='ltr'>dum</span> <span class='ocrx_word' id='word_1_211' title='bbox 413 1659 530 1697; x_wconf 87' lang='lat' dir='ltr'>panes</span> <span class='ocrx_word' id='word_1_212' title='bbox 559 1653 596 1684; x_wconf 91' lang='lat' dir='ltr'>et</span> <span class='ocrx_word' id='word_1_213' title='bbox 615 1653 749 1683; x_wconf 87' lang='lat' dir='ltr'>caetera</span> <span class='ocrx_word' id='word_1_214' title='bbox 772 1645 813 1682; x_wconf 91' lang='lat' dir='ltr'>in</span> <span class='ocrx_word' id='word_1_215' title='bbox 839 1657 978 1683; x_wconf 87' lang='lat' dir='ltr'>navem</span> <span class='ocrx_word' id='word_1_216' title='bbox 1005 1654 1202 1697; x_wconf 82' lang='lat' dir='ltr'>parantur,</span> <span class='ocrx_word' id='word_1_217' title='bbox 1225 1662 1292 1688; x_wconf 77' lang='lat' dir='ltr'>ex-</span> 
     </span>
     <span class='ocr_line' id='line_1_30' title="bbox 167 1699 1294 1755; baseline -0.001 -16"><span class='ocrx_word' id='word_1_218' title='bbox 167 1713 278 1739; x_wconf 84' lang='lat' dir='ltr'>curro</span> <span class='ocrx_word' id='word_1_219' title='bbox 291 1699 333 1738; x_wconf 90' lang='lat' dir='ltr'>in</span> <span class='ocrx_word' id='word_1_220' title='bbox 352 1700 646 1752; x_wconf 84' lang='lat' dir='ltr'>Pompeianum.</span> <span class='ocrx_word' id='word_1_221' title='bbox 689 1700 860 1738; x_wconf 88' lang='lat' dir='ltr'>Vecteno</span> <span class='ocrx_word' id='word_1_222' title='bbox 880 1699 995 1737; x_wconf 83' lang='lat' dir='ltr'>velim</span> <span class='ocrx_word' id='word_1_223' title='bbox 1013 1700 1168 1751; x_wconf 86' lang='lat' dir='ltr'>gratias,</span> <span class='ocrx_word' id='word_1_224' title='bbox 1190 1705 1294 1755; x_wconf 85' lang='lat' dir='ltr'>quod</span> 
     </span>
     <span class='ocr_line' id='line_1_31' title="bbox 167 1753 1294 1810; baseline -0.001 -17"><span class='ocrx_word' id='word_1_225' title='bbox 167 1754 360 1793; x_wconf 84' lang='lat' dir='ltr'>studiosus</span> <span class='ocrx_word' id='word_1_226' title='bbox 380 1754 441 1793; x_wconf 90' lang='lat' dir='ltr'>sit.</span> <span class='ocrx_word' id='word_1_227' title='bbox 484 1755 526 1793; x_wconf 88' lang='lat' dir='ltr'>Si</span> <span class='ocrx_word' id='word_1_228' title='bbox 545 1766 783 1806; x_wconf 89' lang='lat' dir='ltr'>quemquam</span> <span class='ocrx_word' id='word_1_229' title='bbox 808 1760 942 1791; x_wconf 87' lang='lat' dir='ltr'>nactus</span> <span class='ocrx_word' id='word_1_230' title='bbox 961 1753 1092 1804; x_wconf 84' lang='lat' dir='ltr'>fueris,</span> <span class='ocrx_word' id='word_1_231' title='bbox 1113 1756 1181 1807; x_wconf 90' lang='lat' dir='ltr'>qui</span> <span class='ocrx_word' id='word_1_232' title='bbox 1206 1772 1294 1810; x_wconf 81' lang='lat' dir='ltr'>per-</span> 
     </span>
     <span class='ocr_line' id='line_1_32' title="bbox 167 1807 1017 1860; baseline -0.001 -13"><span class='ocrx_word' id='word_1_233' title='bbox 167 1808 278 1859; x_wconf 81' lang='lat' dir='ltr'>ferat,</span> <span class='ocrx_word' id='word_1_234' title='bbox 298 1809 426 1848; x_wconf 87' lang='lat' dir='ltr'>literas</span> <span class='ocrx_word' id='word_1_235' title='bbox 447 1809 512 1848; x_wconf 86' lang='lat' dir='ltr'>des</span> <span class='ocrx_word' id='word_1_236' title='bbox 531 1815 618 1847; x_wconf 88' lang='lat' dir='ltr'>ante</span> <span class='ocrx_word' id='word_1_237' title='bbox 637 1821 756 1860; x_wconf 87' lang='lat' dir='ltr'>quam</span> <span class='ocrx_word' id='word_1_238' title='bbox 776 1807 1017 1846; x_wconf 83' lang='lat' dir='ltr'>discedimus.</span> 
     </span>
    </p>
   </div>
   <div class='ocr_carea' id='block_1_3' title="bbox 389 1968 1071 2021">
    <p class='ocr_par' dir='ltr' id='par_1_5' title="bbox 389 1968 1071 2021">
     <span class='ocr_line' id='line_1_33' title="bbox 389 1968 1071 2021; baseline 0.001 -14"><span class='ocrx_word' id='word_1_239' title='bbox 389 1968 506 2021; x_wconf 87' lang='lat'>(16.)</span> <span class='ocrx_word' id='word_1_240' title='bbox 538 1968 754 2010; x_wconf 84' lang='lat' dir='ltr'>CICERO</span> <span class='ocrx_word' id='word_1_241' title='bbox 783 1968 1001 2009; x_wconf 91' lang='lat' dir='ltr'><strong>ATTICO</strong></span> <span class='ocrx_word' id='word_1_242' title='bbox 1030 1970 1071 2009; x_wconf 87' lang='lat' dir='ltr'>S.</span> 
     </span>
    </p>
   </div>
   <div class='ocr_carea' id='block_1_4' title="bbox 173 2077 1293 2278">
    <p class='ocr_par' dir='ltr' id='par_1_6' title="bbox 173 2077 1293 2278">
     <span class='ocr_line' id='line_1_34' title="bbox 225 2077 1292 2130; baseline 0 -14"><span class='ocrx_word' id='word_1_243' title='bbox 225 2077 486 2116; x_wconf 85' lang='lat' dir='ltr'>Commodum</span> <span class='ocrx_word' id='word_1_244' title='bbox 506 2078 555 2116; x_wconf 86' lang='lat' dir='ltr'>ad</span> <span class='ocrx_word' id='word_1_245' title='bbox 574 2086 610 2117; x_wconf 87' lang='lat' dir='ltr'>te</span> <span class='ocrx_word' id='word_1_246' title='bbox 629 2078 810 2118; x_wconf 87' lang='lat' dir='ltr'>dederam</span> <span class='ocrx_word' id='word_1_247' title='bbox 827 2079 955 2118; x_wconf 85' lang='lat' dir='ltr'>literas</span> <span class='ocrx_word' id='word_1_248' title='bbox 975 2078 1023 2117; x_wconf 85' lang='lat' dir='ltr'>de</span> <span class='ocrx_word' id='word_1_249' title='bbox 1040 2077 1217 2130; x_wconf 88' lang='lat' dir='ltr'>pluribus</span> <span class='ocrx_word' id='word_1_250' title='bbox 1233 2091 1292 2116; x_wconf 90' lang='lat' dir='ltr'>re-</span> 
     </span>
     <span class='ocr_line' id='line_1_35' title="bbox 173 2131 1293 2185; baseline -0.002 -15"><span class='ocrx_word' id='word_1_251' title='bbox 173 2132 259 2180; x_wconf 89' lang='lat' dir='ltr'>bus,</span> <span class='ocrx_word' id='word_1_252' title='bbox 275 2144 364 2170; x_wconf 87' lang='lat' dir='ltr'>cum</span> <span class='ocrx_word' id='word_1_253' title='bbox 383 2131 432 2170; x_wconf 87' lang='lat' dir='ltr'>ad</span> <span class='ocrx_word' id='word_1_254' title='bbox 446 2145 510 2170; x_wconf 90' lang='lat' dir='ltr'>me</span> <span class='ocrx_word' id='word_1_255' title='bbox 528 2134 624 2172; x_wconf 88' lang='lat' dir='ltr'>bene</span> <span class='ocrx_word' id='word_1_256' title='bbox 638 2145 751 2171; x_wconf 86' lang='lat' dir='ltr'>mane</span> <span class='ocrx_word' id='word_1_257' title='bbox 770 2132 981 2185; x_wconf 87' lang='lat' dir='ltr'>Dionysius</span> <span class='ocrx_word' id='word_1_258' title='bbox 1000 2132 1098 2171; x_wconf 85' lang='lat' dir='ltr'>fuit:</span> <span class='ocrx_word' id='word_1_259' title='bbox 1130 2132 1191 2171; x_wconf 87' lang='lat' dir='ltr'>cui</span> <span class='ocrx_word' id='word_1_260' title='bbox 1206 2132 1293 2184; x_wconf 84' lang='lat' dir='ltr'>qui.</span> 
     </span>
     <span class='ocr_line' id='line_1_36' title="bbox 173 2185 1292 2278; baseline 0.002 -55"><span class='ocrx_word' id='word_1_261' title='bbox 173 2185 261 2224; x_wconf 84' lang='lat' dir='ltr'>dem</span> <span class='ocrx_word' id='word_1_262' title='bbox 281 2199 350 2237; x_wconf 81' lang='lat' dir='ltr'>ego</span> <span class='ocrx_word' id='word_1_263' title='bbox 379 2199 455 2225; x_wconf 88' lang='lat' dir='ltr'>non</span> <span class='ocrx_word' id='word_1_264' title='bbox 483 2187 596 2226; x_wconf 89' lang='lat' dir='ltr'>modo</span> <span class='ocrx_word' id='word_1_265' title='bbox 616 2187 843 2240; x_wconf 84' lang='lat' dir='ltr'>placabilem</span> <span class='ocrx_word' id='word_1_266' title='bbox 863 2200 925 2226; x_wconf 89' lang='lat' dir='ltr'>me</span> <span class='ocrx_word' id='word_1_267' title='bbox 935 2186 1206 2278; x_wconf 40' lang='lat' dir='ltr'>rpgebuissem,</span> <span class='ocrx_word' id='word_1_268' title='bbox 1227 2186 1292 2225; x_wconf 88' lang='lat' dir='ltr'>sed</span> 
     </span>
    </p>
   </div>
  </div>
 </body>
</html>
