1498 2401
199 73 282 112 208
424 72 506 110 AD
532 71 1138 112 ATTICUM.L11³.XV.1.

198 180 326 219 edicta
347 193 437 219 cum
467 181 644 220 Antonio
668 180 891 234 populoque
915 182 1111 243 agebant.
1140 190 1337 231 nusquam

204 235 272 273 ille
290 235 439 286 pedem.
473 234 710 275 Cedentibus
724 242 855 274 autem
869 235 961 283 11113,
977 243 1016 274 81
1033 234 1116 287 1Ρ88
1133 232 1338 273 consilium

205 289 308 340 cepit
326 290 506 328 abeundi.
536 290 636 329 Haec
665 290 822 328 illorum
845 298 1066 341 temporum
1089 287 1249 327 historIa
1267 293 1337 325 aet.

209 343 399 382 Privatim
429 353 559 382 tamen
589 344 630 382 in
656 343 716 382 1113
744 343 914 395 epistolis
937 344 1051 395 plura
1079 342 1338 389 eontinentur,

209 411 298 448 quae
327 398 506 450 persequi
534 399 697 449 longum
726 406 834 436 esset.
865 398 1025 449 Scriptae
1054 405 1145 436 sunt
1173 409 1222 435 ex
1251 402 1340 434 ante

215 451 322 490 XVI
343 452 533 491 Calendas
551 452 580 490 J
584 451 776 501 annarias,
791 452 842 490 ad
861 452 997 491 Nonas
1014 451 1224 500 Quintiles.

449 610 536 664 (1.)
570 611 787 652 CICERO
816 610 1041 651 ATTxoe
1070 611 1111 651 3.

269 718 308 759 Ο
342 719 489 758 factum
523 721 625 759 male
657 720 706 758 de
737 719 961 759 Alexione!
1011 717 1241 757 Incredibile
1273 725 1345 765 est,

215 775 365 826 quanta
379 787 443 813 me
461 775 639 813 molestia
651 774 847 821 affecerit,
836 788 846 797 ·
877 786 947 812 nec
966 770 1220 822 (mehercule)
1245 785 1294 811 ex
1306 771 1351 811 83

215 836 324 890 parte
343 829 528 875 maxime,
550 829 654 880 quod
680 828 854 880 plerique
880 840 1061 867 1118811111·
1094 829 1123 850 “
1143 826 1211 865 Ad
1229 839 1348 879 quem

214 883 335 933 igitur
354 890 391 920 te
410 883 606 921 medicum
635 883 852 922 conseres?
842 882 867 900 ’⁹
897 882 1006 931 Quid
1031 881 1129 920 mihi
1148 882 1235 931 jam
1267 893 1351 920 me-

215 937 328 975 dico.
319 939 336 962 '³
366 937 501 987 3111,31
529 950 626 989 opus
650 945 721 985 est,
749 944 857 975 tanta
881 937 1011 988 111οΡ13
1038 938 1128 975 est?
1156 935 1350 974 Amorem

217 1004 307 1042 erga
344 1003 423 1039 me,
461 991 761 1039 humanitatem,
800 991 1122 1042 suavitatemque,
1161 988 1348 1028 desidero.

217 1045 353 1083 Etiam
384 1045 511 1083 illud:
543 1046 639 1097 quid
669 1054 738 1093 est,
769 1045 876 1097 quod
899 1057 978 1083 non
1003 1043 1350 1097 pertimescendum

220 1100 282 1146 sit,
318 1112 408 1138 cum
437 1099 638 1138 hominem
668 1108 962 1152 temperantem,
997 1111 1198 1138 summum
1229 1097 1355 1136 medi-

219 1166 324 1202 cum,
344 1160 475 1192 tantus
505 1154 712 1206 improviso
731 1155 890 1192 morbus
914 1152 1169 1217 oppresserit.
1159 1155 1178 1181 ⁹
1207 1151 1285 1192 Sed
1303 1152 1353 1191 ad

221 1207 303 1246 haec
336 1208 467 1246 omnia
497 1221 576 1246 una
602 1208 809 1247 consolatio
835 1216 906 1257 861,
935 1207 1042 1260 quod
1067 1221 1111 1246 ea
1138 1206 1355 1246 conditione

221 1261 302 1300 nati
329 1275 478 1308 sumus,
509 1271 554 1301 ut
580 1263 692 1312 nihil,
720 1262 825 1315 quod
851 1262 1002 1301 homini
1021 1261 1188 1301 accidere
1219 1261 1355 1314 possit,

225 1328 400 1355 recusare
419 1317 641 1356 debeamus.

276 1370 341 1408 De
356 1371 532 1410 Antonio
547 1372 632 1421 jam
652 1379 765 1410 antea
780 1370 851 1410 tibi
870 1371 1017 1423 scripsi,
1033 1383 1112 1409 non
1133 1383 1213 1410 esse
1227 1383 1318 1409 eum
1337 1383 1361 1408 a

222 1437 287 1463 me
317 1434 562 1464 conventum.
606 1426 727 1465 Venit
764 1426 868 1464 enim
902 1425 1119 1474 Misenum,
1158 1438 1248 1464 cum
1285 1437 1357 1476 ego

223 1492 344 1517 essem
363 1479 402 1516 in
425 1479 663 1532 Pompeiano
679 1495 690 1519 ε
720 1480 811 1518 111(18
829 1487 917 1518 31118
935 1479 1130 1531 profectus
1147 1487 1220 1526 est,
1236 1491 1357 1532 quam

224 1546 295 1584 ego
334 1546 424 1571 eum
453 1535 599 1573 venisse
625 1535 799 1586 cognovi.
829 1533 905 1573 Sed
933 1546 1038 1582 casu,
1070 1546 1160 1572 cum
1189 1534 1358 1586 legerem

225 1595 312 1625 tuas
330 1587 474 1649 literas,
497 1589 652 1627 Hirtius
678 1596 759 1628 erat
776 1588 882 1640 apud
899 1600 964 1627 me
989 1588 1031 1627 in
1051 1588 1293 1627 Puteolano:
1322 1586 1359 1626 ei

227 1641 319 1692 1881,
342 1649 379 1680 81
409 1642 481 1693 egi.
513 1642 694 1681 Primum
724 1642 829 1695 quod
854 1642 1003 1691 attinet,
1025 1642 1124 1680 nihil
1148 1642 1248 1681 mihi
1266 1654 1361 1682 con-

227 1695 411 1734 cedebat:
443 1696 594 1743 deinde,
616 1697 665 1735 ad
694 1710 904 1745 summam,
925 1697 1115 1735 arbitrum
1133 1709 1198 1735 me
1217 1703 1360 1736 statue-

228 1751 310 1797 bat,
338 1761 416 1788 non
435 1750 551 1788 modo
575 1751 694 1801 hujus
718 1752 787 1798 rei,
815 1750 880 1789 sed
900 1751 1017 1790 totius
1046 1751 1265 1790 consulatus
1283 1750 1356 1790 sui.

229 1803 336 1842 Cum
363 1804 539 1843 Antonio
569 1813 701 1844 autem
729 1806 781 1844 sic
811 1818 985 1857 agemus,
1009 1813 1053 1844 ut
1081 1805 1298 1857 perspiciat,
1328 1804 1361 1844 si

228 1857 270 1896 in
289 1871 333 1897 eo
363 1858 516 1910 negotio
544 1859 655 1898 nobis
681 1859 917 1908 satisfecerit,
943 1867 1072 1898 totum
1091 1873 1156 1899 me
1181 1859 1357 1900 futurum

232 1925 362 1950 suum.
393 1912 641 1951 Dolabellam
661 1927 771 1966 spero
790 1913 896 1952 domi
916 1926 1008 1952 esse.

285 1966 508 2005 Redeamus
527 1967 576 2005 ad
595 1978 771 2006 nostros:
802 1967 850 2006 de
869 1967 1010 2020 quibus
1032 1975 1076 2006 tu
1090 1969 1234 2006 bonam
1253 1979 1362 2018 spem

230 2028 271 2059 te
288 2021 479 2072 significas
496 2021 637 2060 habere
654 2030 810 2083 propter
828 2022 1041 2061 edictorum
1060 2021 1359 2060 humanitatem.

235 2075 323 2126 Ego
350 2083 481 2113 autem
499 2076 692 2128 perspexi,
714 2089 805 2115 cum
830 2090 855 2115 a
872 2088 937 2115 1118
955 2075 1088 2116 XVII
1109 2076 1195 2115 Cal.
1215 2075 1264 2114 de
1281 2075 1365 2114 Pu-

233 2129 385 2168 teolano
416 2129 641 2181 Neapolim,
669 2130 808 2170 Pansae
832 2130 1081 2169 conveniendi
1114 2143 1242 2178 causa,
1274 2141 1366 2181 pro-

234 2182 463 2223 ficisceretur
496 2183 666 2234 Hirtius,
705 2197 863 2224 omnem
900 2186 982 2235 ejus
1020 2196 1189 2224 sensum.
1220 2182 1366 2224 Seduxi
