1467 2401
330 87 416 128 AD
442 85 731 126 ATTICUM.
761 85 863 126 [1113.
884 87 964 129 XI.
997 90 1061 130 16.
1203 92 1257 132 89

123 199 229 240 0111111
246 197 360 238 valde
378 197 426 236 (10
445 196 613 236 adventu
627 196 710 245 eJ'us
728 196 859 248 opinio
878 205 962 245 est3
982 211 1122 250 neque,
1141 198 1173 238 si
1189 200 1257 252 qui

121 263 171 294 ex
188 253 288 292 Asia
302 252 478 300 veniunt,
499 250 714 312 quidquam
733 252 913 290 auditum
942 266 1021 292 esse
1047 253 1182 293 dicunt
1207 255 1255 293 de

120 321 242 361 pace;
273 308 383 357 cujus
409 319 480 358 ego
505 318 573 357 spe
596 305 638 342 in
661 305 762 344 hanc
786 305 963 346 fraudem
981 308 1110 346 incidi.
1140 308 1256 347 Nihil

121 362 247 410 video,
261 361 366 424 quod
384 360 618 413 sperandum
636 368 786 411 putem,
803 373 907 400 nunc
925 363 1150 424 praesertim,
1164 376 1255 402 cum

122 429 168 456 ea
185 416 330 469 plaga
318 429 360 454 m
385 414 483 454 Asia
502 415 552 452 sit
570 423 737 465 accepta,
758 416 798 452 in
820 415 1021 478 Illyrico,
1010 429 1051 454 m
1072 417 1255 456 Cassiano

122 471 291 523 negotio,
310 470 351 509 in
370 470 455 522 ipsa
473 468 759 515 Alexandria,
748 482 789 507 m
809 470 848 508 U
840 471 962 517 rbe,
952 484 991 509 111
1010 471 1137 509 Italia.
1168 472 1256 523 Ego

123 538 228 574 vero,
262 525 380 564 etiam
406 525 439 563 si
462 523 654 561 rediturus
679 523 744 561 ille
767 532 835 572 est,
867 525 935 576 qui
963 525 1089 564 adhuc
1107 526 1255 564 bellum

124 592 255 631 gerere
274 579 427 627 dicitur,
447 586 593 627 tamen,
621 585 709 616 ante
735 578 904 617 reditum
933 581 1030 630 ejus,
1056 580 1256 632 negotium

120 634 343 674 confectum
361 633 409 671 iri
423 641 530 685 puto.

182 688 302 737 Quod
320 695 451 726 autem
471 686 616 734 scribis,
641 687 852 739 quamdam
870 688 1046 727 laetitiam
1065 691 1256 728 bonorum

127 756 210 783 osse
235 750 483 790 commotam,
505 750 550 779 ut
575 741 623 779 sit
647 741 826 780 auditum
852 742 899 781 de
921 743 1068 789 literis;
1099 751 1143 781 tu
1170 744 1259 795 qui-

128 798 219 837 dem
246 797 345 835 nihil
369 795 643 848 praetermittiS,
669 796 711 833 in
739 809 818 848 quo
836 805 949 848 putes
967 798 1115 849 aliquid
1134 798 1258 836 solatii

128 866 233 892 esse:
265 851 331 890 sed
355 863 426 902 ego
455 862 534 889 non
561 849 743 897 adducor,
765 864 1004 903 quemquam
1028 853 1175 890 bonum
1196 853 1259 890 ul-

126 907 209 945 lam
228 906 391 944 salutem
409 912 547 956 putare
558 903 657 941 mihi
675 904 772 942 tanti
786 905 916 953 fuisse,
931 914 976 943 ut
991 919 1075 944 eam
1087 913 1258 958 peterem

123 963 177 1000 ab
195 961 278 1009 ino,
299 967 337 999 et
355 972 399 998 eo
415 959 561 1007 minus,
586 958 692 1010 quod
716 959 835 1009 hujus
861 960 1007 998 consilii
1029 962 1111 1010 jam
1131 973 1180 999 ne
1199 974 1260 1000 so-

120 1015 233 1054 cium
252 1013 412 1068 quidem
429 1013 553 1052 habeo
581 1025 834 1065 quemquam.
872 1013 955 1062 Qui
973 1014 1014 1051 in
1033 1015 1134 1053 Asia
1154 1022 1257 1063 sunt,

124 1082 258 1109 rerum
273 1069 423 1108 exitum
442 1073 664 1119 exspectant
679 1081 690 1105 τ
712 1068 875 1107 Achaici
889 1068 1134 1107 etiam-Fufio
1149 1082 1259 1122 spem

119 1123 403 1176 deprecationis
421 1122 598 1161 afferunt.

183 1179 343 1217 Horum
375 1184 414 1216 et
441 1177 557 1216 timor
586 1176 691 1216 idem
716 1176 792 1215 fuit
816 1177 959 1229 primo,
984 1178 1053 1230 qui
1077 1191 1200 1226 meus,
1222 1185 1260 1217 et

127 1233 396 1273 constitutum.
425 1231 544 1270 Mora
554 1231 824 1270 Alexandrina
843 1245 998 1271 causam
1011 1233 1168 1271 illorum
1181 1246 1263 1271 cor-

129 1288 245 1336 rexit,
275 1300 405 1326 meam
438 1299 483 1325 ev
485 1285 583 1324 ertit.
625 1286 893 1335 Quamobrem
923 1287 1027 1325 idem
1053 1301 1076 1326 a
1100 1295 1138 1325 te
1156 1300 1260 1326 nunc

130 1349 235 1395 peto,
255 1341 361 1394 quod
379 1340 638 1392 superioribus
661 1341 794 1388 literis,
818 1349 877 1389 ut,
905 1341 937 1379 si
962 1341 1086 1393 quid
1075 1355 1116 1380 111
1135 1342 1263 1393 perdi-

120 1397 182 1436 *tis
213 1398 327 1435 rebus
351 1395 566 1448 dispiceres,
591 1395 699 1457 quod.
722 1395 821 1433 mihi
847 1403 1001 1447 putares
1025 1396 1260 1445 faciendum,

124 1463 198 1491 me
221 1463 409 1490 moneres.
452 1450 495 1489 Si
526 1450 686 1501 recipior
718 1451 767 1489 ab
797 1450 871 1499 his,
903 1451 1024 1502 (quod
1053 1451 1158 1490 vides
1182 1463 1261 1490 non

123 1505 232 1568 fieri)
249 1514 395 1555 tamen,
416 1504 545 1566 quoad
563 1505 712 1543 bellum
731 1504 815 1553 erit,
843 1505 939 1557 quid
958 1519 1085 1557 agam,
1107 1513 1175 1544 aut
1192 1506 1262 1544 ubi

126 1561 222 1610 sim,
242 1573 322 1599 non
340 1559 511 1611 reperio:
543 1559 601 1597 sin
623 1560 759 1609 jactor,
781 1572 825 1598 eo
843 1559 986 1598 minus.
1016 1560 1157 1612 Itaque
1176 1568 1261 1599 tuas

125 1615 260 1654 literas
288 1621 492 1666 exspect03
522 1626 662 1666 easque
685 1622 731 1652 ut
756 1614 807 1652 ad
824 1627 888 1653 me
914 1615 995 1653 sine
1023 1615 1262 1654 dubitatione

128 1670 286 1718 scribas,
306 1682 412 1721 rogo.

127 1738 138 1746 f
185 1723 306 1772 Quod
325 1723 475 1772 suades,
495 1730 540 1762 ut
558 1723 607 1762 ad
626 1723 823 1772 Quintum
842 1724 1004 1763 scribam
1024 1724 1072 1763 de
1090 1725 1150 1763 his
1174 1724 1263 1764 lite-

129 1779 184 1820 ris
199 1792 212 1825 3
241 1778 421 1826 facerem,
434 1778 467 1816 si
479 1791 544 1817 me
558 1778 774 1830 quidquam
788 1779 871 1817 istae
884 1779 1004 1817 literae
1019 1779 1260 1819 delectarent.

131 1833 222 1874 Etsi
240 1832 401 1884 quidam
419 1833 568 1885 scripsit
586 1833 636 1871 ad
654 1846 718 1872 me
735 1833 796 1872 his
808 1833 957 1872 verbis:
990 1836 1018 1856 “
1033 1835 1135 1884 Ego,
1157 1841 1202 1872 ut
1220 1834 1261 1873 in

129 1889 191 1928 his
218 1887 346 1936 malis,
368 1887 495 1926 Patris
514 1900 601 1927 sum
621 1899 697 1926 non
723 1887 891 1926 invitus:
924 1901 1044 1927 essem
1063 1889 1260 1936 libentius,

129 1942 164 1984 si
181 1943 298 1982 frater
316 1950 408 1980 tuus
428 1955 472 1981 ea
489 1942 538 1981 de
556 1950 594 1981 te
608 1943 841 1995 loqueretur,
858 1957 946 1995 quae
958 1956 1027 1994 ego
1039 1943 1171 1981 audire
1182 1944 1262 1981 vel-

129 1998 252 2037 lem.”
282 1996 401 2045 Quod
429 1996 484 2036 ais
501 1997 616 2035 illum
641 1997 691 2035 ad
709 2005 747 2036 te
765 1998 940 2045 scribere,
960 2011 1024 2036 me
1043 1998 1116 2036 sibi
1134 1998 1262 2036 nullas

131 2053 261 2092 literas
280 2051 500 2098 remittere3
530 2052 649 2090 semel
674 2054 722 2090 ab
749 2051 832 2104 ipso
851 2052 978 2104 accepi
995 2067 1004 2090 :
1036 2052 1085 2090 ad
1104 2066 1166 2090 eas
1187 2052 1262 2090 Ce-

131 2106 306 2159 phalioni
324 2105 426 2153 dedi,
454 2106 522 2157 qui
545 2107 690 2145 multos
715 2119 865 2145 menses
895 2107 1186 2158 tempestatibus
1203 2119 1263 2144 re-

132 2168 262 2200 tentus
281 2168 348 2199 est.
377 2160 574 2209 Quintum
591 2160 719 2199 filium
737 2161 787 2200 ad
805 2173 869 2200 me
887 2161 1127 2200 acerbissime
1146 2160 1264 2212 scrip-

129 2215 235 2266 sisse,
252 2215 336 2266 jam
355 2222 444 2254 ante
462 2214 513 2254 ad
530 2222 569 2255 te
586 2215 728 2267 scripsi.
957 2271 982 2307 3

919 2281 935 2307 1
