1498 2401
237 128 318 167 388
517 131 596 169 DE
625 131 815 171 PETIT.
845 131 1004 172 CONS.
1034 134 1072 169 5.

234 237 438 288 superavit.
479 238 626 288 Quare,
653 239 684 278 si
710 239 824 278 facies
853 253 912 288 ea,
939 253 1026 291 quae
1045 237 1117 278 tibi
1138 245 1291 285 natura,
1321 244 1359 277 et

233 290 357 329 studia
376 293 516 343 quibus
535 306 684 344 semper
707 307 799 332 usus
827 307 880 343 es,
899 294 1129 345 largiuntur,
1150 306 1237 344 quae
1255 299 1354 331 oem-

230 345 332 395 poris
351 347 409 383 tui
428 346 523 384 ratio
542 347 742 396 desiderat,
763 361 850 399 quae
867 358 988 400 potes,
1009 361 1096 399 quae
1114 347 1254 391 deboe3
1275 358 1354 384 non

230 398 302 436 erit
319 399 471 439 difficile
490 410 681 440 certamen
696 415 785 440 cum
798 402 844 440 iis
855 401 1178 453 competitoribus,
1199 400 1268 452 qui
1285 412 1353 438 ne-

231 453 429 504 quaquam
455 462 544 492 sunt
563 463 643 493 tam
661 468 797 506 genere
815 456 997 507 insignes,
1027 467 1145 507 quam
1165 454 1266 493 vitiis
1283 466 1353 492 no-

232 506 340 545 biles.
371 508 471 555 Quis
491 509 594 547 enim
614 509 768 561 reperiri
785 518 909 561 potest
935 518 1015 548 tam
1030 509 1228 560 improbus
1247 507 1353 555 civis,

231 560 299 611 qui
319 562 410 599 velit
439 575 517 601 uno
550 563 730 615 suffragio
759 563 856 602 duas
882 564 923 602 in
953 563 1232 615 rempublicam
1259 562 1355 600 sicas

234 614 491 667 destringere?

287 669 364 708 IV.
394 670 607 720 Quoniam,
628 686 715 724 quae
733 671 903 710 subsidia
921 670 1099 710 novitatis
1115 670 1289 717 haberes,
1319 674 1358 706 et

231 720 372 762 habere
391 737 532 776 posses,
553 727 726 778 exposui,
743 739 847 764 nunc
857 726 904 763 de
922 725 1188 776 magnitudine
1206 723 1358 775 petitio-

233 776 293 815 nis
317 777 525 817 dicendum
553 780 714 818 videtur.
743 779 1002 820 Consulatum
1028 779 1147 830 petis:
1181 790 1259 830 quo
1285 777 1357 816 ho-

232 841 338 880 nore,
369 845 483 871 nemo
521 841 590 881 est,
622 834 716 885 quin
749 842 787 873 te
818 834 981 885 dignum
1017 832 1246 878 arbitratum
1290 830 1358 870 sed

232 885 362 934 multi,
393 886 462 939 qui
479 887 685 926 invideant.
718 888 823 927 Petis
851 887 955 926 enim
978 887 1096 926 homo
1121 900 1171 925 ex
1189 885 1356 938 equestri

231 937 315 977 loco
340 953 540 980 summum
561 942 691 981 locum
710 942 896 988 civitatis3
926 951 1042 994 atque
1066 941 1121 979 ita
1138 952 1354 987 summum,

233 1000 279 1031 ut
295 993 386 1032 forti
404 994 499 1044 viro,
519 996 672 1045 diserto,
692 996 898 1044 innocenti,
924 997 1050 1034 multo
1073 995 1139 1033 ille
1165 994 1269 1033 idem
1287 994 1358 1032 ho-

232 1057 301 1085 nos
326 1049 414 1100 plus
439 1051 720 1102 amplitudinis,
747 1063 867 1103 quam
894 1050 1052 1099 caeteris,
1081 1048 1225 1088 afferat.
1258 1047 1355 1087 Noli

232 1108 383 1153 putare,
413 1116 489 1152 eos,
517 1105 586 1157 qui
611 1113 701 1143 sunt
717 1112 777 1145 'eo
791 1105 937 1143 honore
954 1104 1029 1153 usi,
1055 1115 1133 1142 non
1151 1103 1292 1151 videre,
1313 1109 1358 1140 tu

233 1167 323 1194 cum
341 1156 445 1196 idem
463 1159 513 1197 sis
533 1159 707 1211 adeptus,
734 1158 829 1211 quid
844 1158 1054 1210 'dignitatis
1070 1157 1274 1196 habiturus
1293 1156 1357 1195 sis.

232 1208 314 1248 Eos
333 1223 435 1259 vero,
456 1212 538 1264 qui,
559 1213 821 1253 consularibus
838 1212 995 1252 familiis
1013 1212 1108 1260 nati,
1127 1212 1256 1251 locum
1274 1223 1359 1248 ma-

230 1263 362 1313 jorum
381 1267 573 1306 consecuti
590 1280 668 1306 non
686 1274 790 1315 sunt,
810 1267 993 1320 suspicor,
1009 1266 1079 1313 tibi
1097 1265 1190 1310 (nisi
1208 1265 1277 1318 qui
1290 1264 1359 1303 ad-

233 1318 396 1358 modum
421 1327 459 1360 te
483 1329 632 1369 amant)
657 1321 840 1361 invidere.
882 1321 1016 1360 Etiam
1041 1333 1159 1359 novos
1182 1319 1358 1358 homines

231 1374 428 1423 praetorios
447 1375 637 1424 existimo,
657 1376 731 1415 nisi
749 1375 818 1428 qui
835 1383 903 1415 tuo
918 1374 1102 1414 beneficio
1115 1373 1233 1413 vincti
1250 1379 1356 1421 sunt,

232 1426 336 1466 nolle
367 1430 435 1467 abs
468 1436 506 1468 te
538 1443 577 1468 se
605 1430 749 1469 honore
774 1429 956 1482 superari.
1002 1429 1112 1476 Jam,
1138 1428 1180 1466 in
1211 1427 1358 1479 populo

232 1493 354 1531 quam
383 1483 499 1521 multi
526 1484 647 1523 invidi
678 1485 768 1532 sint,
798 1496 918 1536 quam
941 1482 1057 1521 multi
1085 1480 1358 1521 consuetudine

232 1533 373 1574 horum
393 1550 584 1576 annorum
603 1540 651 1577 ab
670 1538 892 1576 hominibus
910 1537 1018 1576 novis
1037 1536 1205 1584 alienati,
1226 1535 1356 1574 venire

231 1588 304 1627 tibi
321 1589 362 1627 in
382 1600 553 1630 mentem
572 1600 672 1631 certo
692 1592 779 1631 scio.
809 1593 907 1631 Esse
919 1591 1042 1630 etiam
1060 1589 1265 1629 nonnullos
1283 1588 1356 1627 tibi

231 1641 348 1682 iratos
367 1658 414 1683 ex
433 1646 478 1684 iis
497 1647 620 1685 causis
634 1660 729 1698 quas
748 1647 870 1698 egisti,
887 1658 1035 1684 necesse
1051 1652 1118 1683 est.
1145 1645 1172 1683 J
1177 1657 1240 1682 am
1258 1642 1358 1682 illud

233 1702 316 1735 tute
348 1699 638 1752 circumspicito,
674 1702 778 1752 quod
811 1701 860 1738 ad
886 1700 958 1738 Cn.
991 1699 1168 1750 Pompeii
1195 1698 1358 1749 gloriam

233 1753 451 1802 augendam
481 1763 587 1793 tanto
616 1756 741 1793 studio
775 1764 811 1794 te
844 1754 995 1801 dedisti,
1028 1766 1125 1791 num
1157 1765 1253 1804 quos
1286 1751 1358 1790 tibi

232 1814 344 1856 putes
363 1809 411 1845 ob
438 1821 524 1846 earn
543 1823 696 1847 causam
717 1823 795 1848 esse
817 1808 1043 1859 [inimicos]
1074 1807 1356 1855 Quamobrem,

234 1872 325 1897 cum
356 1869 393 1899 et
423 1875 621 1901 summum
650 1864 781 1902 locum
813 1863 974 1902 cixitatis
1005 1869 1127 1913 petas,
1161 1869 1198 1899 et
1229 1860 1357 1898 videas

232 1926 313 1952 esse
330 1915 458 1955 studia
483 1931 571 1969 quae
597 1918 666 1956 tibi
691 1918 964 1964 adversentur3
993 1915 1188 1962 adhibeas,
1208 1927 1358 1952 necesse

235 1975 304 2016 est,
326 1983 481 2009 omnem
500 1973 701 2021 rationem,
722 1980 760 2010 et
779 1985 924 2016 curam,
953 1980 990 2010 et
1007 1971 1193 2016 laborem,
1215 1976 1252 2007 et
1269 1967 1359 2006 dili-

231 2031 414 2072 gentiam.

289 2077 340 2115 V.
371 2079 431 2117 Ac
445 2080 578 2130 petitio
595 2081 891 2131 magistratuum
918 2079 1039 2117 divisa
1058 2086 1112 2116 est
1130 2077 1171 2114 in
1190 2076 1357 2114 duarum

232 2131 426 2170 rationum
451 2134 716 2186 diligentiam;
747 2148 914 2186 quarum
939 2134 1058 2172 altera
1078 2132 1120 2170 in
1144 2131 1356 2169 amicorum

233 2185 384 2235 studiis,
411 2187 530 2226 altera
558 2188 600 2226 in
631 2189 809 2240 populari
834 2189 1044 2236 voluntate,
1082 2184 1260 2238 ponenda
1289 2192 1357 2222 est.

233 2238 466 2279 Amicorum
480 2242 607 2280 studia
625 2243 815 2281 beneficiis
829 2249 866 2281 et
880 2241 1028 2289 officiis,
1049 2248 1088 2280 et
1106 2245 1306 2285 vetustate,
1322 2245 1360 2275 et

232 2291 412 2333 facilitate
440 2308 483 2334 ac
503 2296 744 2345 jucunditate
766 2303 927 2343 naturae,
950 2303 1061 2347 parta
1095 2306 1175 2332 esse
1205 2300 1363 2344 oportet.
