1498 2401
292 141 378 182 AD
405 141 459 191 Q.
490 140 792 181 FRATREM.
823 142 924 182 L113.
946 142 1030 182 ΙΙΙ.
1051 145 1090 184 9.
1175 144 1251 182 341

129 263 219 292 men
238 250 338 291 nihil
355 264 488 291 curare
515 251 582 290 vix
600 264 772 303 possum.
802 252 938 300 Quam
962 260 1093 291 autem
1122 260 1160 291 te
1190 266 1256 291 ve-

125 308 198 346 lim
216 313 375 347 cautum
393 319 472 345 esse
489 305 530 344 in
549 306 760 355 scribendo,
781 320 830 345 ex
847 307 920 345 hoc
939 308 1129 357 conjicito,
1150 308 1255 358 quod

128 375 200 413 ego
217 361 268 399 ad
297 367 336 400 te
364 373 414 399 ne
431 360 514 399 haec
536 360 695 412 quidem
723 362 859 411 scribo,
884 375 972 413 quae
993 362 1125 413 palam
1153 362 1194 399 in
1212 375 1255 400 re

126 415 284 468 publica
301 416 520 462 turbantur,
540 427 589 453 ne
607 416 837 467 cujusquam
857 416 1033 454 animum
1050 429 1149 454 meae
1168 416 1254 454 lite-

125 483 178 508 rae
207 469 426 521 interceptae
446 469 653 507 offendant.
684 468 830 517 Quare,
862 470 1070 508 domestica
1095 470 1187 508 cura
1215 477 1254 508 te

122 524 296 563 levatum
314 524 413 562 volo.
443 523 494 562 In
505 537 546 562 re
564 522 720 576 publica
738 524 814 562 scio
834 536 953 576 quam
972 524 1156 563 sollicitus
1175 538 1255 563 esse

124 578 258 618 soleas.
286 577 414 618 Video
443 578 658 616 Messalam
683 586 859 617 nostrum
885 579 1097 626 consulem,
1128 578 1159 617 si
1184 593 1253 631 per

121 633 367 684 interregem,
389 632 470 671 sine
491 632 663 681 judici03
694 633 726 671 si
754 646 823 684 per
851 633 1090 679 dictatorem,
1120 640 1252 671 tamen

120 687 201 726 sine
219 686 401 739 periculo.
430 686 526 726 Odii
538 687 638 725 nihil
650 687 778 726 habet.
809 687 1010 726 Hortensii
1029 688 1130 726 calor
1148 688 1252 726 mul-

120 748 207 780 tum
226 741 380 780 valebit.

175 795 335 834 Gabinii
370 795 560 834 absolutio
592 796 657 834 lex
694 795 937 847 impunitatis
974 803 1146 847 putatur.
1200 798 1248 832 Eu

119 865 305 901 παρεργῳ.
343 849 407 888 De
426 849 608 888 dictatore
626 857 754 889 tamen
767 858 898 889 actum
917 849 1044 889 adhuc
1062 850 1161 888 nihil
1181 859 1249 888 est.

121 903 334 955 Pompeius
371 905 478 943 abest
494 918 505 942 ε
545 904 703 956 Appius
740 904 874 943 miscet
891 919 901 942 :
934 904 1077 943 Hirrus
1113 912 1247 956 parat:

120 959 238 997 multi
254 958 517 998 intercessores
531 966 784 998 numerantur
800 973 811 997 :
842 959 1011 1011 populus
1023 971 1100 997 non
1115 965 1246 997 curat:

121 1012 314 1066 principes
332 1013 498 1052 nolunt:
529 1025 600 1064 ego
619 1013 785 1065 quiesco.

175 1067 240 1106 De
257 1066 474 1118 mancipiis,
494 1080 582 1119 quae
599 1067 698 1106 mihi
716 1067 920 1120 polliceris,
940 1068 1052 1107 valde
1071 1074 1109 1106 te
1128 1080 1248 1113 amo;

120 1127 159 1160 et
177 1134 265 1160 511111
291 1121 485 1173 equidem,
504 1121 563 1160 uti
583 1121 727 1171 scribis,
754 1130 792 1161 et
810 1123 949 1161 Romae
969 1130 1005 1161 et
1022 1122 1063 1160 in
1082 1122 1250 1174 praediis,

118 1175 353 1227 infrequens.
383 1175 460 1215 Sed
485 1189 575 1214 cave
595 1178 783 1224 (amabo),
796 1177 1038 1238 quidquam,
1066 1176 1168 1228 quod
1199 1175 1250 1214 ad

119 1242 255 1268 meum
284 1229 534 1269 commodum
567 1231 740 1279 attineat,
766 1231 842 1269 nisi
866 1231 1039 1269 maximo
1058 1238 1126 1269 tuo
1145 1243 1249 1268 com-

119 1283 252 1333 modo,
272 1291 311 1322 et
328 1284 504 1322 maxima
522 1284 591 1323 tua
610 1284 806 1334 facultate,
826 1285 883 1323 mi
905 1285 1036 1333 frater,
1057 1284 1248 1335 cogitaris.

173 1338 239 1377 De
257 1338 420 1390 epistola
437 1338 603 1389 Vatinii,
632 1339 709 1377 risi.
740 1339 817 1379 Sed
834 1352 898 1378 me
917 1341 965 1378 ab
986 1353 1030 1378 eo
1049 1339 1103 1377 ita
1121 1341 1250 1377 obser-

119 1393 202 1432 vari
220 1392 312 1442 scio,
332 1399 378 1431 ut
407 1393 490 1442 ejus
509 1393 582 1431 ista
607 1393 695 1432 odia
718 1406 797 1432 non
823 1395 997 1432 sorbeam
1020 1393 1160 1442 solum,
1182 1392 1249 1431 sed

119 1448 238 1486 etiam
256 1459 506 1499 concoquam.
535 1446 656 1495 Quod
673 1460 737 1486 me
755 1448 932 1497 hortaris,
954 1454 999 1486 ut
1017 1447 1215 1486 absolvam
1232 1462 1245 1493 ;

120 1501 246 1541 habeo
270 1501 492 1540 absolutum
517 1514 634 1540 suave
665 1502 781 1552 (mihi
805 1502 962 1555 quidem
988 1501 1047 1540 uti
1080 1501 1248 1549 videtur)

122 1571 208 1600 επος
237 1555 288 1594 ad
322 1553 540 1594 Caesarem:
571 1556 639 1595 sed
670 1569 802 1608 quaero
829 1557 1060 1608 locupletem
1090 1555 1250 1594 tabella-

118 1609 238 1659 rium,
258 1621 309 1648 ne
326 1609 471 1648 accidat
492 1610 598 1662 quod
622 1609 805 1662 Erigonae
830 1618 932 1649 tuae.
922 1625 931 1634 ·
964 1610 1026 1649 cui
1046 1609 1130 1658 soli,
1163 1609 1249 1648 Cae-

119 1677 204 1704 sare
221 1663 464 1716 imperatore,
484 1664 557 1703 iter
575 1678 624 1704 ex
644 1665 776 1703 Gallia
796 1671 927 1703 tutum
945 1677 1024 1703 non
1043 1664 1129 1702 fuit.
1145 1663 1167 1685 '¹‘
1183 1664 1206 1685 ’ἑ
1224 1663 1246 1684 ⁸⁵

174 1718 310 1767 Quid.
298 1718 316 1745 '³
346 1717 379 1756 si
395 1725 627 1757 caementum
654 1721 804 1758 bonum
821 1732 899 1758 non
918 1720 1098 1768 habeam,
1118 1719 1250 1757 detur·

117 1774 211 1813 bem
230 1772 437 1812 aedificium
450 1772 469 1809 ⁴?
498 1773 604 1824 quod
630 1773 790 1825 quidem
809 1773 981 1835 quotidie
1008 1773 1107 1812 mihi
1125 1772 1251 1824 magis

116 1828 270 1880 placet.
299 1826 341 1865 in
369 1826 580 1879 primisque
603 1827 760 1867 inferior
783 1828 967 1880 porticus,
997 1834 1034 1866 et
1053 1828 1136 1878 ejus
1161 1839 1252 1866 con-

117 1881 256 1931 clavia,
288 1881 389 1920 fiunt
418 1888 531 1920 recte.
560 1881 625 1921 De
653 1882 822 1930 Arcano,
858 1882 1019 1922 Caesaris
1044 1895 1142 1933 opus
1175 1887 1248 1929 est,

118 1937 182 1976 vel
211 1933 468 1997 (mehercule)
503 1935 619 1975 etiam
650 1937 892 1988 elegantioris
924 1937 1100 1998 alicujus.
1141 1935 1249 1974 Ima-

118 1990 229 2043 gines
257 1989 362 2029 enim
394 1989 492 2038 istae,
527 1996 565 2029 et
592 1991 785 2042 palaestra,
812 1998 850 2030 et
871 1990 1032 2052 piscina,
1059 1996 1097 2028 et
1127 1990 1247 2037 nilus,

118 2045 335 2084 multorum
354 2044 656 2084 Philotimorum
681 2052 751 2095 est,
771 2058 851 2085 non
875 2044 1141 2105 Diphilorum.
1171 2043 1249 2083 Sed

118 2105 159 2138 et
174 2098 250 2150 ipsi
263 2111 307 2137 ea
325 2098 532 2147 adibimus,
553 2106 591 2138 et
608 2099 822 2149 mittemus,
842 2106 880 2139 et
898 2097 1183 2137 mandabimus.

173 2153 238 2192 De
255 2152 396 2192 Felicis
414 2159 643 2193 testamento
654 2161 741 2192 tum
754 2154 878 2206 1113315
893 2165 1068 2214 querare,
1088 2151 1121 2190 si
1139 2151 1247 2190 scias.

121 2208 234 2257 Quas
256 2207 362 2246 enim
379 2207 532 2246 tabulas
558 2220 598 2246 se
622 2208 773 2260 putavit
802 2208 1017 2260 obsignare,
1036 2206 1078 2244 in
1107 2205 1249 2258 quibus

120 2263 161 2301 in
179 2260 303 2302 11110115
322 2261 590 2302 firmissimum
611 2270 796 2313 tenuerat,
818 2263 967 2314 (lapsus
987 2268 1041 2301 est
1062 2274 1128 2313 per
1149 2272 1248 2299 erro-

854 2319 879 2355 2
902 2330 929 2354 G
951 2317 976 2353 3
