<?xml version="1.0" encoding="UTF-8"?>
<!DOCTYPE html PUBLIC "-//W3C//DTD XHTML 1.0 Transitional//EN"
    "http://www.w3.org/TR/xhtml1/DTD/xhtml1-transitional.dtd">
<html xmlns="http://www.w3.org/1999/xhtml" xml:lang="en" lang="en">
 <head>
  <title>
</title>
<meta http-equiv="Content-Type" content="text/html;charset=utf-8" />
  <meta name='ocr-system' content='tesseract 3.04.00' />
  <meta name='ocr-capabilities' content='ocr_page ocr_carea ocr_par ocr_line ocrx_word'/>
</head>
<body>
  <div class='ocr_page' id='page_1' title='image "./operaern11ciceuoft_0087.png"; bbox 0 0 1467 2401; ppageno 0'>
   <div class='ocr_carea' id='block_1_1' title="bbox 355 64 1277 110">
    <p class='ocr_par' dir='ltr' id='par_1_1' title="bbox 355 64 1277 110">
     <span class='ocr_line' id='line_1_1' title="bbox 355 64 1277 110; baseline -0.005 -3"><span class='ocrx_word' id='word_1_1' title='bbox 355 67 440 107; x_wconf 92' lang='lat' dir='ltr'>AD</span> <span class='ocrx_word' id='word_1_2' title='bbox 467 66 758 107; x_wconf 89' lang='lat' dir='ltr'><strong>ATTICUM.</strong></span> <span class='ocrx_word' id='word_1_3' title='bbox 788 65 890 105; x_wconf 75' lang='lat' dir='ltr'>Lm.</span> <span class='ocrx_word' id='word_1_4' title='bbox 912 65 992 104; x_wconf 85' lang='lat' dir='ltr'>XI.</span> <span class='ocrx_word' id='word_1_5' title='bbox 1023 64 1061 103; x_wconf 79' lang='lat'>4.</span> <span class='ocrx_word' id='word_1_6' title='bbox 1224 64 1277 110; x_wconf 81' lang='lat'>73</span> 
     </span>
    </p>
   </div>
   <div class='ocr_carea' id='block_1_2' title="bbox 141 173 1285 1524">
    <p class='ocr_par' dir='ltr' id='par_1_2' title="bbox 145 173 1283 446">
     <span class='ocr_line' id='line_1_2' title="bbox 145 173 1283 229; baseline -0.004 -13"><span class='ocrx_word' id='word_1_7' title='bbox 145 176 296 224; x_wconf 74' lang='lat' dir='ltr'>scribis,</span> <span class='ocrx_word' id='word_1_8' title='bbox 317 176 507 229; x_wconf 88' lang='lat' dir='ltr'><strong>abruptio.</strong></span> <span class='ocrx_word' id='word_1_9' title='bbox 537 176 684 225; x_wconf 83' lang='lat' dir='ltr'>Quare,</span> <span class='ocrx_word' id='word_1_10' title='bbox 701 182 746 214; x_wconf 88' lang='lat' dir='ltr'>ut</span> <span class='ocrx_word' id='word_1_11' title='bbox 765 175 854 222; x_wconf 84' lang='lat' dir='ltr'>alia,</span> <span class='ocrx_word' id='word_1_12' title='bbox 875 175 928 214; x_wconf 88' lang='lat' dir='ltr'>sic</span> <span class='ocrx_word' id='word_1_13' title='bbox 945 173 1018 213; x_wconf 92' lang='lat' dir='ltr'>hoc</span> <span class='ocrx_word' id='word_1_14' title='bbox 1031 173 1092 212; x_wconf 72' lang='lat' dir='ltr'>vel</span> <span class='ocrx_word' id='word_1_15' title='bbox 1109 173 1283 212; x_wconf 81' lang='lat' dir='ltr'><strong>maxime</strong></span> 
     </span>
     <span class='ocr_line' id='line_1_3' title="bbox 146 228 1282 282; baseline -0.004 -12"><span class='ocrx_word' id='word_1_16' title='bbox 146 237 227 269; x_wconf 84' lang='lat' dir='ltr'>tuae</span> <span class='ocrx_word' id='word_1_17' title='bbox 244 230 334 269; x_wconf 87' lang='lat' dir='ltr'>fidei</span> <span class='ocrx_word' id='word_1_18' title='bbox 357 231 708 282; x_wconf 63' lang='lat' dir='ltr'>benevolentiaeque</span> <span class='ocrx_word' id='word_1_19' title='bbox 726 229 923 282; x_wconf 81' lang='lat' dir='ltr'><strong>permitto,</strong></span> <span class='ocrx_word' id='word_1_20' title='bbox 945 237 982 267; x_wconf 91' lang='lat' dir='ltr'>et</span> <span class='ocrx_word' id='word_1_21' title='bbox 999 228 1105 266; x_wconf 92' lang='lat' dir='ltr'>illius</span> <span class='ocrx_word' id='word_1_22' title='bbox 1124 228 1282 266; x_wconf 89' lang='lat' dir='ltr'>consilio</span> 
     </span>
     <span class='ocr_line' id='line_1_4' title="bbox 147 282 1283 333; baseline -0.004 -9"><span class='ocrx_word' id='word_1_23' title='bbox 147 292 187 323; x_wconf 87' lang='lat' dir='ltr'>et</span> <span class='ocrx_word' id='word_1_24' title='bbox 205 286 408 333; x_wconf 87' lang='lat' dir='ltr'>voluntati,</span> <span class='ocrx_word' id='word_1_25' title='bbox 436 286 498 324; x_wconf 93' lang='lat' dir='ltr'>cui</span> <span class='ocrx_word' id='word_1_26' title='bbox 516 285 666 323; x_wconf 80' lang='lat' dir='ltr'>miserae</span> <span class='ocrx_word' id='word_1_27' title='bbox 691 283 968 323; x_wconf 88' lang='lat' dir='ltr'>consuluissem</span> <span class='ocrx_word' id='word_1_28' title='bbox 992 282 1146 330; x_wconf 88' lang='lat' dir='ltr'>melius,</span> <span class='ocrx_word' id='word_1_29' title='bbox 1166 282 1198 320; x_wconf 90' lang='lat' dir='ltr'>si</span> <span class='ocrx_word' id='word_1_30' title='bbox 1224 290 1283 320; x_wconf 89' lang='lat' dir='ltr'>te-</span> 
     </span>
     <span class='ocr_line' id='line_1_5' title="bbox 146 336 1281 391; baseline -0.004 -13"><span class='ocrx_word' id='word_1_31' title='bbox 146 350 238 377; x_wconf 76' lang='lat' dir='ltr'>cum</span> <span class='ocrx_word' id='word_1_32' title='bbox 258 340 352 378; x_wconf 87' lang='lat' dir='ltr'>olim</span> <span class='ocrx_word' id='word_1_33' title='bbox 377 352 504 378; x_wconf 89' lang='lat' dir='ltr'>coram</span> <span class='ocrx_word' id='word_1_34' title='bbox 528 340 671 391; x_wconf 83' lang='lat' dir='ltr'>potius,</span> <span class='ocrx_word' id='word_1_35' title='bbox 692 351 812 390; x_wconf 88' lang='lat' dir='ltr'>quam</span> <span class='ocrx_word' id='word_1_36' title='bbox 830 351 898 390; x_wconf 86' lang='lat' dir='ltr'>per</span> <span class='ocrx_word' id='word_1_37' title='bbox 926 338 1069 386; x_wconf 79' lang='lat' dir='ltr'>literas,</span> <span class='ocrx_word' id='word_1_38' title='bbox 1090 336 1138 374; x_wconf 88' lang='lat' dir='ltr'>de</span> <span class='ocrx_word' id='word_1_39' title='bbox 1157 337 1281 375; x_wconf 88' lang='lat' dir='ltr'>salute</span> 
     </span>
     <span class='ocr_line' id='line_1_6' title="bbox 150 393 883 446; baseline -0.001 -14"><span class='ocrx_word' id='word_1_40' title='bbox 150 394 283 432; x_wconf 89' lang='lat' dir='ltr'>nostra</span> <span class='ocrx_word' id='word_1_41' title='bbox 301 394 543 446; x_wconf 87' lang='lat' dir='ltr'>fortunisque</span> <span class='ocrx_word' id='word_1_42' title='bbox 563 393 883 432; x_wconf 86' lang='lat' dir='ltr'>deliberavissem.</span> 
     </span>
    </p>

    <p class='ocr_par' dir='ltr' id='par_1_3' title="bbox 145 444 1284 813">
     <span class='ocr_line' id='line_1_7' title="bbox 202 444 1281 500; baseline -0.005 -13"><span class='ocrx_word' id='word_1_43' title='bbox 202 448 322 496; x_wconf 85' lang='lat' dir='ltr'>Quod</span> <span class='ocrx_word' id='word_1_44' title='bbox 340 460 458 500; x_wconf 85' lang='lat' dir='ltr'>negas</span> <span class='ocrx_word' id='word_1_45' title='bbox 472 448 713 500; x_wconf 80' lang='lat' dir='ltr'>praecipuum</span> <span class='ocrx_word' id='word_1_46' title='bbox 731 447 831 485; x_wconf 87' lang='lat' dir='ltr'>mihi</span> <span class='ocrx_word' id='word_1_47' title='bbox 845 447 972 485; x_wconf 88' lang='lat' dir='ltr'>ullum</span> <span class='ocrx_word' id='word_1_48' title='bbox 987 444 1281 484; x_wconf 89' lang='lat' dir='ltr'>incommodum</span> 
     </span>
     <span class='ocr_line' id='line_1_8' title="bbox 146 499 1280 554; baseline -0.004 -13"><span class='ocrx_word' id='word_1_49' title='bbox 146 500 396 554; x_wconf 87' lang='lat' dir='ltr'>impendere;</span> <span class='ocrx_word' id='word_1_50' title='bbox 438 503 511 541; x_wconf 89' lang='lat' dir='ltr'>etsi</span> <span class='ocrx_word' id='word_1_51' title='bbox 542 502 615 541; x_wconf 88' lang='lat' dir='ltr'>ista</span> <span class='ocrx_word' id='word_1_52' title='bbox 638 515 697 541; x_wconf 88' lang='lat' dir='ltr'>res</span> <span class='ocrx_word' id='word_1_53' title='bbox 724 501 823 540; x_wconf 88' lang='lat' dir='ltr'>nihil</span> <span class='ocrx_word' id='word_1_54' title='bbox 847 501 965 539; x_wconf 89' lang='lat' dir='ltr'>habet</span> <span class='ocrx_word' id='word_1_55' title='bbox 997 499 1280 548; x_wconf 79' lang='lat' dir='ltr'>consolationis,</span> 
     </span>
     <span class='ocr_line' id='line_1_9' title="bbox 147 554 1283 609; baseline -0.004 -14"><span class='ocrx_word' id='word_1_56' title='bbox 147 563 281 595; x_wconf 85' lang='lat' dir='ltr'>tamen</span> <span class='ocrx_word' id='word_1_57' title='bbox 300 557 416 596; x_wconf 88' lang='lat' dir='ltr'>etiam</span> <span class='ocrx_word' id='word_1_58' title='bbox 434 556 630 609; x_wconf 85' lang='lat' dir='ltr'>praecipua</span> <span class='ocrx_word' id='word_1_59' title='bbox 650 556 778 594; x_wconf 86' lang='lat' dir='ltr'>multa</span> <span class='ocrx_word' id='word_1_60' title='bbox 803 562 907 603; x_wconf 91' lang='lat' dir='ltr'>sunt,</span> <span class='ocrx_word' id='word_1_61' title='bbox 934 569 1023 607; x_wconf 87' lang='lat' dir='ltr'>quae</span> <span class='ocrx_word' id='word_1_62' title='bbox 1048 562 1091 593; x_wconf 85' lang='lat' dir='ltr'>tu</span> <span class='ocrx_word' id='word_1_63' title='bbox 1111 554 1283 605; x_wconf 87' lang='lat' dir='ltr'>profecto</span> 
     </span>
     <span class='ocr_line' id='line_1_10' title="bbox 148 608 1284 671; baseline -0.004 -22"><span class='ocrx_word' id='word_1_64' title='bbox 148 610 256 650; x_wconf 88' lang='lat' dir='ltr'>vides</span> <span class='ocrx_word' id='word_1_65' title='bbox 288 613 352 664; x_wconf 88' lang='lat' dir='ltr'>(ut</span> <span class='ocrx_word' id='word_1_66' title='bbox 371 610 480 660; x_wconf 85' lang='grc'>511111)</span> <span class='ocrx_word' id='word_1_67' title='bbox 509 618 546 650; x_wconf 85' lang='grc'>01</span> <span class='ocrx_word' id='word_1_68' title='bbox 574 610 801 662; x_wconf 83' lang='lat' dir='ltr'>gravissima</span> <span class='ocrx_word' id='word_1_69' title='bbox 828 623 922 671; x_wconf 79' lang='lat' dir='ltr'>esse,</span> <span class='ocrx_word' id='word_1_70' title='bbox 946 617 983 648; x_wconf 86' lang='lat' dir='ltr'>et</span> <span class='ocrx_word' id='word_1_71' title='bbox 1008 622 1072 648; x_wconf 91' lang='lat' dir='ltr'>me</span> <span class='ocrx_word' id='word_1_72' title='bbox 1099 608 1284 646; x_wconf 88' lang='lat' dir='ltr'>facillime</span> 
     </span>
     <span class='ocr_line' id='line_1_11' title="bbox 146 662 1282 718; baseline -0.003 -15"><span class='ocrx_word' id='word_1_73' title='bbox 146 665 268 705; x_wconf 87' lang='lat' dir='ltr'>vitare</span> <span class='ocrx_word' id='word_1_74' title='bbox 286 666 482 718; x_wconf 87' lang='lat' dir='ltr'>potuisse.</span> <span class='ocrx_word' id='word_1_75' title='bbox 514 679 558 704; x_wconf 87' lang='lat' dir='ltr'>ea</span> <span class='ocrx_word' id='word_1_76' title='bbox 576 674 706 703; x_wconf 87' lang='lat' dir='ltr'>tamen</span> <span class='ocrx_word' id='word_1_77' title='bbox 722 670 835 703; x_wconf 85' lang='lat' dir='ltr'>erunt</span> <span class='ocrx_word' id='word_1_78' title='bbox 845 664 1010 711; x_wconf 89' lang='lat' dir='ltr'>minora,</span> <span class='ocrx_word' id='word_1_79' title='bbox 1024 664 1055 702; x_wconf 88' lang='lat' dir='ltr'>si</span> <span class='ocrx_word' id='word_1_80' title='bbox 1075 666 1136 707; x_wconf 84' lang='lat' dir='ltr'>(ut</span> <span class='ocrx_word' id='word_1_81' title='bbox 1155 662 1282 700; x_wconf 78' lang='lat' dir='ltr'>adhuc</span> 
     </span>
     <span class='ocr_line' id='line_1_12' title="bbox 146 717 1284 771; baseline -0.003 -13"><span class='ocrx_word' id='word_1_82' title='bbox 146 718 295 759; x_wconf 82' lang='lat' dir='ltr'>factum</span> <span class='ocrx_word' id='word_1_83' title='bbox 325 719 400 771; x_wconf 89' lang='lat' dir='ltr'>est)</span> <span class='ocrx_word' id='word_1_84' title='bbox 428 719 759 759; x_wconf 85' lang='lat' dir='ltr'>administratione</span> <span class='ocrx_word' id='word_1_85' title='bbox 783 718 1060 771; x_wconf 87' lang='lat' dir='ltr'>diligentiaque</span> <span class='ocrx_word' id='word_1_86' title='bbox 1081 718 1150 756; x_wconf 87' lang='lat' dir='ltr'>tua</span> <span class='ocrx_word' id='word_1_87' title='bbox 1177 717 1284 756; x_wconf 86' lang='lat' dir='ltr'>leva-</span> 
     </span>
     <span class='ocr_line' id='line_1_13' title="bbox 145 775 305 813; baseline 0 0"><span class='ocrx_word' id='word_1_88' title='bbox 145 775 305 813; x_wconf 81' lang='lat' dir='ltr'>buntur.</span> 
     </span>
    </p>

    <p class='ocr_par' dir='ltr' id='par_1_4' title="bbox 143 827 1285 1203">
     <span class='ocr_line' id='line_1_14' title="bbox 203 827 1278 882; baseline -0.004 -14"><span class='ocrx_word' id='word_1_89' title='bbox 203 829 375 868; x_wconf 88' lang='lat' dir='ltr'>Pecunia</span> <span class='ocrx_word' id='word_1_90' title='bbox 409 828 514 882; x_wconf 87' lang='lat' dir='ltr'>apud</span> <span class='ocrx_word' id='word_1_91' title='bbox 541 827 760 881; x_wconf 84' lang='lat' dir='ltr'>Egnatium</span> <span class='ocrx_word' id='word_1_92' title='bbox 786 834 855 867; x_wconf 84' lang='lat' dir='ltr'>est.</span> <span class='ocrx_word' id='word_1_93' title='bbox 892 828 951 867; x_wconf 90' lang='lat' dir='ltr'>Sit</span> <span class='ocrx_word' id='word_1_94' title='bbox 975 840 998 866; x_wconf 88' lang='lat' dir='ltr'>a</span> <span class='ocrx_word' id='word_1_95' title='bbox 1024 839 1103 875; x_wconf 90' lang='lat' dir='ltr'>me,</span> <span class='ocrx_word' id='word_1_96' title='bbox 1129 834 1175 865; x_wconf 91' lang='lat' dir='ltr'>ut</span> <span class='ocrx_word' id='word_1_97' title='bbox 1194 833 1278 865; x_wconf 85' lang='lat' dir='ltr'>est:</span> 
     </span>
     <span class='ocr_line' id='line_1_15' title="bbox 146 882 1281 946; baseline -0.002 -25"><span class='ocrx_word' id='word_1_98' title='bbox 146 895 274 936; x_wconf 89' lang='lat' dir='ltr'>neque</span> <span class='ocrx_word' id='word_1_99' title='bbox 307 885 411 922; x_wconf 86' lang='lat' dir='ltr'>enim</span> <span class='ocrx_word' id='word_1_100' title='bbox 438 885 526 932; x_wconf 91' lang='lat' dir='ltr'>hoc,</span> <span class='ocrx_word' id='word_1_101' title='bbox 551 883 656 946; x_wconf 78' lang='lat' dir='ltr'>quod</span> <span class='ocrx_word' id='word_1_102' title='bbox 689 883 830 935; x_wconf 86' lang='lat' dir='ltr'>agitur,</span> <span class='ocrx_word' id='word_1_103' title='bbox 869 882 1020 921; x_wconf 85' lang='lat' dir='ltr'>videtur</span> <span class='ocrx_word' id='word_1_104' title='bbox 1049 882 1281 920; x_wconf 89' lang='lat' dir='ltr'>diuturnum</span> 
     </span>
     <span class='ocr_line' id='line_1_16' title="bbox 147 936 1282 991; baseline -0.003 -14"><span class='ocrx_word' id='word_1_105' title='bbox 147 950 227 976; x_wconf 89' lang='lat' dir='ltr'>esse</span> <span class='ocrx_word' id='word_1_106' title='bbox 245 951 384 991; x_wconf 87' lang='lat' dir='ltr'>posse;</span> <span class='ocrx_word' id='word_1_107' title='bbox 414 946 460 977; x_wconf 89' lang='lat' dir='ltr'>ut</span> <span class='ocrx_word' id='word_1_108' title='bbox 483 938 576 977; x_wconf 89' lang='lat' dir='ltr'>scire</span> <span class='ocrx_word' id='word_1_109' title='bbox 597 939 681 988; x_wconf 85' lang='lat' dir='ltr'>jam</span> <span class='ocrx_word' id='word_1_110' title='bbox 699 937 858 989; x_wconf 90' lang='lat' dir='ltr'>possim,</span> <span class='ocrx_word' id='word_1_111' title='bbox 879 936 975 989; x_wconf 89' lang='lat' dir='ltr'>quid</span> <span class='ocrx_word' id='word_1_112' title='bbox 992 936 1164 975; x_wconf 76' lang='lat' dir='ltr'>maxime</span> <span class='ocrx_word' id='word_1_113' title='bbox 1184 948 1282 987; x_wconf 87' lang='lat' dir='ltr'>opus</span> 
     </span>
     <span class='ocr_line' id='line_1_17' title="bbox 145 990 1282 1053; baseline -0.002 -23"><span class='ocrx_word' id='word_1_114' title='bbox 145 992 220 1031; x_wconf 84' lang='grc'>511·</span> <span class='ocrx_word' id='word_1_115' title='bbox 251 993 322 1031; x_wconf 85' lang='grc'>0151</span> <span class='ocrx_word' id='word_1_116' title='bbox 357 1006 448 1045; x_wconf 89' lang='lat' dir='ltr'>egeo</span> <span class='ocrx_word' id='word_1_117' title='bbox 477 994 591 1031; x_wconf 87' lang='lat' dir='ltr'>rebus</span> <span class='ocrx_word' id='word_1_118' title='bbox 621 992 830 1038; x_wconf 89' lang='lat' dir='ltr'>omnibus;</span> <span class='ocrx_word' id='word_1_119' title='bbox 862 991 1000 1053; x_wconf 90' lang='lat' dir='ltr'>quod</span> <span class='ocrx_word' id='word_1_120' title='bbox 990 1004 1022 1029; x_wconf 89' lang='grc'>15</span> <span class='ocrx_word' id='word_1_121' title='bbox 1052 1003 1207 1043; x_wconf 89' lang='lat' dir='ltr'>quoque</span> <span class='ocrx_word' id='word_1_122' title='bbox 1238 990 1282 1028; x_wconf 88' lang='grc'>111</span> 
     </span>
     <span class='ocr_line' id='line_1_18' title="bbox 148 1045 1284 1099; baseline -0.002 -15"><span class='ocrx_word' id='word_1_123' title='bbox 148 1047 338 1098; x_wconf 87' lang='lat' dir='ltr'>angustiis</span> <span class='ocrx_word' id='word_1_124' title='bbox 358 1055 427 1096; x_wconf 88' lang='lat' dir='ltr'>est,</span> <span class='ocrx_word' id='word_1_125' title='bbox 449 1049 610 1099; x_wconf 78' lang='lat' dir='ltr'>quicum</span> <span class='ocrx_word' id='word_1_126' title='bbox 631 1059 794 1093; x_wconf 80' lang='lat' dir='ltr'>sumus3</span> <span class='ocrx_word' id='word_1_127' title='bbox 825 1046 887 1084; x_wconf 90' lang='lat' dir='ltr'>cui</span> <span class='ocrx_word' id='word_1_128' title='bbox 905 1058 1090 1097; x_wconf 87' lang='lat' dir='ltr'>magnam</span> <span class='ocrx_word' id='word_1_129' title='bbox 1105 1045 1284 1083; x_wconf 90' lang='lat' dir='ltr'>dedimus</span> 
     </span>
     <span class='ocr_line' id='line_1_19' title="bbox 143 1099 1285 1153; baseline -0.002 -14"><span class='ocrx_word' id='word_1_130' title='bbox 143 1102 351 1152; x_wconf 88' lang='lat' dir='ltr'>pecuniam</span> <span class='ocrx_word' id='word_1_131' title='bbox 369 1110 564 1149; x_wconf 88' lang='lat' dir='ltr'>mutuam,</span> <span class='ocrx_word' id='word_1_132' title='bbox 594 1101 809 1153; x_wconf 78' lang='lat' dir='ltr'>opinantes,</span> <span class='ocrx_word' id='word_1_133' title='bbox 836 1100 962 1149; x_wconf 90' lang='lat' dir='ltr'>nobis,</span> <span class='ocrx_word' id='word_1_134' title='bbox 989 1099 1205 1138; x_wconf 89' lang='lat' dir='ltr'>constitutis</span> <span class='ocrx_word' id='word_1_135' title='bbox 1223 1112 1285 1138; x_wconf 88' lang='lat' dir='ltr'>re-</span> 
     </span>
     <span class='ocr_line' id='line_1_20' title="bbox 145 1155 846 1203; baseline -0.001 -9"><span class='ocrx_word' id='word_1_136' title='bbox 145 1156 233 1203; x_wconf 85' lang='lat' dir='ltr'>bus,</span> <span class='ocrx_word' id='word_1_137' title='bbox 256 1169 342 1195; x_wconf 85' lang='lat' dir='ltr'>eam</span> <span class='ocrx_word' id='word_1_138' title='bbox 361 1169 443 1194; x_wconf 91' lang='lat' dir='ltr'>rem</span> <span class='ocrx_word' id='word_1_139' title='bbox 462 1157 580 1195; x_wconf 89' lang='lat' dir='ltr'>etiam</span> <span class='ocrx_word' id='word_1_140' title='bbox 598 1155 734 1193; x_wconf 91' lang='lat' dir='ltr'>honori</span> <span class='ocrx_word' id='word_1_141' title='bbox 753 1155 846 1194; x_wconf 87' lang='lat' dir='ltr'>fore.</span> 
     </span>
    </p>

    <p class='ocr_par' dir='ltr' id='par_1_5' title="bbox 141 1208 1283 1523">
     <span class='ocr_line' id='line_1_21' title="bbox 201 1208 1281 1262; baseline -0.002 -14"><span class='ocrx_word' id='word_1_142' title='bbox 201 1210 282 1258; x_wconf 91' lang='lat' dir='ltr'>Tu,</span> <span class='ocrx_word' id='word_1_143' title='bbox 306 1211 370 1262; x_wconf 89' lang='lat' dir='ltr'>(ut</span> <span class='ocrx_word' id='word_1_144' title='bbox 389 1218 501 1249; x_wconf 86' lang='lat' dir='ltr'>antea</span> <span class='ocrx_word' id='word_1_145' title='bbox 519 1209 660 1260; x_wconf 88' lang='lat' dir='ltr'>fecisti)</span> <span class='ocrx_word' id='word_1_146' title='bbox 682 1210 813 1256; x_wconf 89' lang='lat' dir='ltr'>velim,</span> <span class='ocrx_word' id='word_1_147' title='bbox 835 1209 866 1248; x_wconf 92' lang='lat' dir='ltr'>si</span> <span class='ocrx_word' id='word_1_148' title='bbox 887 1208 956 1262; x_wconf 90' lang='lat' dir='ltr'>qui</span> <span class='ocrx_word' id='word_1_149' title='bbox 974 1214 1100 1255; x_wconf 88' lang='lat' dir='ltr'>erunt,</span> <span class='ocrx_word' id='word_1_150' title='bbox 1114 1208 1164 1246; x_wconf 81' lang='lat' dir='ltr'>ad</span> <span class='ocrx_word' id='word_1_151' title='bbox 1183 1220 1281 1260; x_wconf 89' lang='lat' dir='ltr'>quos</span> 
     </span>
     <span class='ocr_line' id='line_1_22' title="bbox 142 1262 1281 1316; baseline -0.002 -14"><span class='ocrx_word' id='word_1_152' title='bbox 142 1264 292 1316; x_wconf 83' lang='lat' dir='ltr'>aliquid</span> <span class='ocrx_word' id='word_1_153' title='bbox 325 1265 569 1304; x_wconf 90' lang='lat' dir='ltr'>scribendum</span> <span class='ocrx_word' id='word_1_154' title='bbox 603 1278 626 1303; x_wconf 88' lang='lat' dir='ltr'>a</span> <span class='ocrx_word' id='word_1_155' title='bbox 653 1277 717 1302; x_wconf 90' lang='lat' dir='ltr'>me</span> <span class='ocrx_word' id='word_1_156' title='bbox 745 1264 954 1311; x_wconf 80' lang='lat' dir='ltr'>existimes,</span> <span class='ocrx_word' id='word_1_157' title='bbox 981 1264 1063 1315; x_wconf 89' lang='lat' dir='ltr'>ipse</span> <span class='ocrx_word' id='word_1_158' title='bbox 1091 1262 1281 1301; x_wconf 88' lang='lat' dir='ltr'>conficias.</span> 
     </span>
     <span class='ocr_line' id='line_1_23' title="bbox 144 1316 1281 1369; baseline -0.004 -11"><span class='ocrx_word' id='word_1_159' title='bbox 144 1319 246 1357; x_wconf 88' lang='lat' dir='ltr'>Tuis</span> <span class='ocrx_word' id='word_1_160' title='bbox 261 1320 424 1358; x_wconf 85' lang='lat' dir='ltr'>salutem</span> <span class='ocrx_word' id='word_1_161' title='bbox 439 1320 512 1358; x_wconf 84' lang='lat' dir='ltr'>dic.</span> <span class='ocrx_word' id='word_1_162' title='bbox 543 1319 649 1358; x_wconf 89' lang='lat' dir='ltr'>Cura</span> <span class='ocrx_word' id='word_1_163' title='bbox 662 1326 707 1356; x_wconf 94' lang='lat' dir='ltr'>ut</span> <span class='ocrx_word' id='word_1_164' title='bbox 718 1319 857 1357; x_wconf 73' lang='lat' dir='ltr'>valeas.</span> <span class='ocrx_word' id='word_1_165' title='bbox 888 1316 1088 1369; x_wconf 86' lang='lat' dir='ltr'>Imprimis</span> <span class='ocrx_word' id='word_1_166' title='bbox 1102 1317 1157 1363; x_wconf 91' lang='lat' dir='ltr'>id,</span> <span class='ocrx_word' id='word_1_167' title='bbox 1174 1316 1281 1368; x_wconf 90' lang='lat' dir='ltr'>quod</span> 
     </span>
     <span class='ocr_line' id='line_1_24' title="bbox 141 1370 1283 1425; baseline -0.004 -12"><span class='ocrx_word' id='word_1_168' title='bbox 141 1373 289 1423; x_wconf 84' lang='lat' dir='ltr'>scribis,</span> <span class='ocrx_word' id='word_1_169' title='bbox 321 1375 502 1413; x_wconf 91' lang='lat' dir='ltr'>omnibus</span> <span class='ocrx_word' id='word_1_170' title='bbox 525 1375 641 1412; x_wconf 86' lang='lat' dir='ltr'>rebus</span> <span class='ocrx_word' id='word_1_171' title='bbox 660 1386 753 1412; x_wconf 87' lang='lat' dir='ltr'>cura</span> <span class='ocrx_word' id='word_1_172' title='bbox 781 1380 819 1411; x_wconf 89' lang='lat' dir='ltr'>et</span> <span class='ocrx_word' id='word_1_173' title='bbox 847 1372 1019 1425; x_wconf 76' lang='lat' dir='ltr'>provide,</span> <span class='ocrx_word' id='word_1_174' title='bbox 1049 1384 1098 1409; x_wconf 92' lang='lat' dir='ltr'>ne</span> <span class='ocrx_word' id='word_1_175' title='bbox 1127 1370 1222 1423; x_wconf 81' lang='lat' dir='ltr'>quid</span> <span class='ocrx_word' id='word_1_176' title='bbox 1246 1371 1283 1409; x_wconf 87' lang='grc'>01</span> 
     </span>
     <span class='ocr_line' id='line_1_25' title="bbox 142 1425 1281 1482; baseline -0.001 -17"><span class='ocrx_word' id='word_1_177' title='bbox 142 1427 255 1477; x_wconf 81' lang='lat' dir='ltr'>desit,</span> <span class='ocrx_word' id='word_1_178' title='bbox 277 1429 324 1468; x_wconf 90' lang='lat' dir='ltr'>de</span> <span class='ocrx_word' id='word_1_179' title='bbox 337 1442 416 1482; x_wconf 88' lang='lat' dir='ltr'>qua</span> <span class='ocrx_word' id='word_1_180' title='bbox 427 1430 498 1469; x_wconf 87' lang='lat' dir='ltr'>scis</span> <span class='ocrx_word' id='word_1_181' title='bbox 523 1441 588 1468; x_wconf 90' lang='lat' dir='ltr'>me</span> <span class='ocrx_word' id='word_1_182' title='bbox 614 1427 878 1467; x_wconf 87' lang='lat' dir='ltr'>miserrimum</span> <span class='ocrx_word' id='word_1_183' title='bbox 898 1440 990 1467; x_wconf 86' lang='grc'>0550.</span> <span class='ocrx_word' id='word_1_184' title='bbox 1022 1426 1160 1466; x_wconf 87' lang='lat' dir='ltr'>Idibus</span> <span class='ocrx_word' id='word_1_185' title='bbox 1179 1425 1207 1464; x_wconf 84' lang='lat' dir='ltr'>J</span> <span class='ocrx_word' id='word_1_186' title='bbox 1211 1437 1281 1465; x_wconf 92' lang='lat' dir='ltr'>un</span> 
     </span>
     <span class='ocr_line' id='line_1_26' title="bbox 142 1483 354 1524; baseline 0.005 -2"><span class='ocrx_word' id='word_1_187' title='bbox 142 1495 192 1522; x_wconf 85' lang='lat' dir='ltr'>ex</span> <span class='ocrx_word' id='word_1_188' title='bbox 211 1483 354 1524; x_wconf 82' lang='lat' dir='ltr'>castris.</span> 
     </span>
    </p>
   </div>
   <div class='ocr_carea' id='block_1_3' title="bbox 371 1646 1044 1701">
    <p class='ocr_par' dir='ltr' id='par_1_6' title="bbox 371 1646 1044 1701">
     <span class='ocr_line' id='line_1_27' title="bbox 371 1646 1044 1701; baseline -0.006 -13"><span class='ocrx_word' id='word_1_189' title='bbox 371 1647 463 1701; x_wconf 92' lang='grc'>(4.)</span> <span class='ocrx_word' id='word_1_190' title='bbox 496 1647 713 1688; x_wconf 82' lang='lat' dir='ltr'>CICERO</span> <span class='ocrx_word' id='word_1_191' title='bbox 741 1646 971 1687; x_wconf 85' lang='lat' dir='ltr'><strong>ATTICO</strong></span> <span class='ocrx_word' id='word_1_192' title='bbox 1001 1646 1044 1685; x_wconf 87' lang='lat' dir='ltr'>S.</span> 
     </span>
    </p>
   </div>
   <div class='ocr_carea' id='block_1_4' title="bbox 135 1754 1283 2302">
    <p class='ocr_par' dir='ltr' id='par_1_7' title="bbox 135 1754 1283 1974">
     <span class='ocr_line' id='line_1_28' title="bbox 195 1754 1280 1809; baseline -0.004 -13"><span class='ocrx_word' id='word_1_193' title='bbox 195 1756 345 1809; x_wconf 86' lang='lat' dir='ltr'>Accepi</span> <span class='ocrx_word' id='word_1_194' title='bbox 370 1759 418 1796; x_wconf 88' lang='lat' dir='ltr'>ab</span> <span class='ocrx_word' id='word_1_195' title='bbox 451 1758 600 1796; x_wconf 75' lang='lat' dir='ltr'>Isidoro</span> <span class='ocrx_word' id='word_1_196' title='bbox 629 1758 775 1804; x_wconf 75' lang='lat' dir='ltr'>literas,</span> <span class='ocrx_word' id='word_1_197' title='bbox 807 1765 845 1796; x_wconf 87' lang='lat' dir='ltr'>et</span> <span class='ocrx_word' id='word_1_198' title='bbox 866 1763 998 1808; x_wconf 88' lang='lat' dir='ltr'>postea</span> <span class='ocrx_word' id='word_1_199' title='bbox 1023 1754 1131 1794; x_wconf 77' lang='lat' dir='ltr'>datas</span> <span class='ocrx_word' id='word_1_200' title='bbox 1155 1754 1280 1794; x_wconf 83' lang='lat' dir='ltr'>binas.</span> 
     </span>
     <span class='ocr_line' id='line_1_29' title="bbox 141 1810 1281 1864; baseline -0.003 -14"><span class='ocrx_word' id='word_1_201' title='bbox 141 1811 208 1851; x_wconf 85' lang='lat' dir='ltr'>Ex</span> <span class='ocrx_word' id='word_1_202' title='bbox 238 1812 426 1864; x_wconf 72' lang='lat' dir='ltr'>proximis</span> <span class='ocrx_word' id='word_1_203' title='bbox 452 1813 612 1864; x_wconf 65' lang='lat' dir='ltr'>cognovi</span> <span class='ocrx_word' id='word_1_204' title='bbox 637 1813 782 1864; x_wconf 87' lang='lat' dir='ltr'>praedia</span> <span class='ocrx_word' id='word_1_205' title='bbox 811 1824 889 1850; x_wconf 88' lang='lat' dir='ltr'>non</span> <span class='ocrx_word' id='word_1_206' title='bbox 919 1811 1079 1849; x_wconf 81' lang='lat' dir='ltr'>venisse.</span> <span class='ocrx_word' id='word_1_207' title='bbox 1118 1810 1281 1848; x_wconf 80' lang='lat' dir='ltr'>Videbis</span> 
     </span>
     <span class='ocr_line' id='line_1_30' title="bbox 141 1864 1283 1928; baseline -0.004 -22"><span class='ocrx_word' id='word_1_208' title='bbox 141 1881 181 1906; x_wconf 81' lang='lat' dir='ltr'>er</span> <span class='ocrx_word' id='word_1_209' title='bbox 183 1880 246 1928; x_wconf 77' lang='lat' dir='ltr'>go,</span> <span class='ocrx_word' id='word_1_210' title='bbox 261 1874 305 1905; x_wconf 86' lang='lat' dir='ltr'>ut</span> <span class='ocrx_word' id='word_1_211' title='bbox 324 1874 556 1906; x_wconf 81' lang='lat' dir='ltr'>sustentetur</span> <span class='ocrx_word' id='word_1_212' title='bbox 574 1880 642 1919; x_wconf 84' lang='lat' dir='ltr'>per</span> <span class='ocrx_word' id='word_1_213' title='bbox 657 1874 706 1906; x_wconf 91' lang='lat' dir='ltr'>te.</span> <span class='ocrx_word' id='word_1_214' title='bbox 737 1867 800 1905; x_wconf 93' lang='lat' dir='ltr'>De</span> <span class='ocrx_word' id='word_1_215' title='bbox 812 1865 1023 1913; x_wconf 74' lang='lat' dir='ltr'>Frusinati,</span> <span class='ocrx_word' id='word_1_216' title='bbox 1038 1864 1200 1903; x_wconf 79' lang='lat' dir='ltr'>simodo</span> <span class='ocrx_word' id='word_1_217' title='bbox 1218 1864 1283 1902; x_wconf 89' lang='lat' dir='ltr'>fu-</span> 
     </span>
     <span class='ocr_line' id='line_1_31' title="bbox 135 1921 913 1984; baseline -0.004 -24"><span class='ocrx_word' id='word_1_218' title='bbox 135 1928 201 1960; x_wconf 75' lang='lat' dir='ltr'>tur</span> <span class='ocrx_word' id='word_1_219' title='bbox 204 1921 216 1958; x_wconf 86' lang='lat' dir='ltr'>i</span> <span class='ocrx_word' id='word_1_220' title='bbox 237 1934 387 1969; x_wconf 83' lang='lat' dir='ltr'>sumus,</span> <span class='ocrx_word' id='word_1_221' title='bbox 404 1921 474 1959; x_wconf 80' lang='lat' dir='ltr'>erit</span> <span class='ocrx_word' id='word_1_222' title='bbox 491 1922 590 1960; x_wconf 79' lang='lat' dir='ltr'>mihi</span> <span class='ocrx_word' id='word_1_223' title='bbox 608 1935 666 1960; x_wconf 87' lang='lat' dir='ltr'>res</span> <span class='ocrx_word' id='word_1_224' title='bbox 677 1929 913 1984; x_wconf 80' lang='lat' dir='ltr'>opportuna.</span> 
     </span>
    </p>

    <p class='ocr_par' dir='ltr' id='par_1_8' title="bbox 138 1973 1280 2248">
     <span class='ocr_line' id='line_1_32' title="bbox 195 1973 1277 2028; baseline -0.001 -15"><span class='ocrx_word' id='word_1_225' title='bbox 195 1976 308 2014; x_wconf 85' lang='lat' dir='ltr'>Meas</span> <span class='ocrx_word' id='word_1_226' title='bbox 320 1976 448 2014; x_wconf 88' lang='lat' dir='ltr'>literas</span> <span class='ocrx_word' id='word_1_227' title='bbox 461 1976 564 2028; x_wconf 87' lang='lat' dir='ltr'>quod</span> <span class='ocrx_word' id='word_1_228' title='bbox 579 1977 756 2028; x_wconf 86' lang='lat' dir='ltr'>requiris,</span> <span class='ocrx_word' id='word_1_229' title='bbox 774 1974 990 2027; x_wconf 84' lang='lat' dir='ltr'>impedior</span> <span class='ocrx_word' id='word_1_230' title='bbox 979 1973 1113 2025; x_wconf 80' lang='lat' dir='ltr'>inopia</span> <span class='ocrx_word' id='word_1_231' title='bbox 1131 1987 1277 2021; x_wconf 87' lang='lat' dir='ltr'>rerum,</span> 
     </span>
     <span class='ocr_line' id='line_1_33' title="bbox 138 2028 1279 2082; baseline -0.002 -14"><span class='ocrx_word' id='word_1_232' title='bbox 138 2044 238 2082; x_wconf 89' lang='lat' dir='ltr'>quas</span> <span class='ocrx_word' id='word_1_233' title='bbox 266 2031 395 2068; x_wconf 89' lang='lat' dir='ltr'>nullas</span> <span class='ocrx_word' id='word_1_234' title='bbox 424 2031 549 2069; x_wconf 82' lang='lat' dir='ltr'>habeo</span> <span class='ocrx_word' id='word_1_235' title='bbox 578 2032 698 2070; x_wconf 75' lang='grc'>1110115</span> <span class='ocrx_word' id='word_1_236' title='bbox 732 2031 894 2082; x_wconf 77' lang='lat' dir='ltr'>digna53</span> <span class='ocrx_word' id='word_1_237' title='bbox 931 2029 1078 2080; x_wconf 83' lang='lat' dir='ltr'>quippe</span> <span class='ocrx_word' id='word_1_238' title='bbox 1104 2028 1166 2066; x_wconf 90' lang='lat' dir='ltr'>cui</span> <span class='ocrx_word' id='word_1_239' title='bbox 1194 2041 1279 2076; x_wconf 88' lang='lat' dir='ltr'>nec,</span> 
     </span>
     <span class='ocr_line' id='line_1_34' title="bbox 138 2082 1279 2137; baseline -0.003 -13.997"><span class='ocrx_word' id='word_1_240' title='bbox 138 2095 230 2137; x_wconf 89' lang='lat' dir='ltr'>quae</span> <span class='ocrx_word' id='word_1_241' title='bbox 248 2085 440 2132; x_wconf 85' lang='lat' dir='ltr'>accidunt,</span> <span class='ocrx_word' id='word_1_242' title='bbox 460 2098 545 2133; x_wconf 84' lang='lat' dir='ltr'>nec,</span> <span class='ocrx_word' id='word_1_243' title='bbox 567 2099 655 2137; x_wconf 87' lang='lat' dir='ltr'>quae</span> <span class='ocrx_word' id='word_1_244' title='bbox 674 2093 858 2137; x_wconf 85' lang='lat' dir='ltr'>aguntur,</span> <span class='ocrx_word' id='word_1_245' title='bbox 879 2084 961 2122; x_wconf 87' lang='lat' dir='ltr'>ullo</span> <span class='ocrx_word' id='word_1_246' title='bbox 979 2082 1096 2121; x_wconf 91' lang='lat' dir='ltr'>modo</span> <span class='ocrx_word' id='word_1_247' title='bbox 1111 2084 1279 2134; x_wconf 90' lang='lat' dir='ltr'>proben-</span> 
     </span>
     <span class='ocr_line' id='line_1_35' title="bbox 138 2137 1280 2190; baseline -0.001 -13"><span class='ocrx_word' id='word_1_248' title='bbox 138 2146 214 2178; x_wconf 77' lang='lat' dir='ltr'>tur.</span> <span class='ocrx_word' id='word_1_249' title='bbox 258 2139 423 2178; x_wconf 84' lang='lat' dir='ltr'>Utinam</span> <span class='ocrx_word' id='word_1_250' title='bbox 452 2152 582 2178; x_wconf 87' lang='lat' dir='ltr'>coram</span> <span class='ocrx_word' id='word_1_251' title='bbox 608 2148 737 2179; x_wconf 82' lang='lat' dir='ltr'>tecum</span> <span class='ocrx_word' id='word_1_252' title='bbox 768 2140 860 2178; x_wconf 84' lang='lat' dir='ltr'>olim</span> <span class='ocrx_word' id='word_1_253' title='bbox 891 2137 1034 2190; x_wconf 87' lang='lat' dir='ltr'>potius,</span> <span class='ocrx_word' id='word_1_254' title='bbox 1067 2150 1186 2189; x_wconf 82' lang='lat' dir='ltr'>quam</span> <span class='ocrx_word' id='word_1_255' title='bbox 1210 2149 1280 2188; x_wconf 83' lang='lat' dir='ltr'>per</span> 
     </span>
     <span class='ocr_line' id='line_1_36' title="bbox 138 2191 1275 2248; baseline -0.001 -16"><span class='ocrx_word' id='word_1_256' title='bbox 138 2193 219 2245; x_wconf 82' lang='lat' dir='ltr'>epis</span> <span class='ocrx_word' id='word_1_257' title='bbox 203 2194 348 2232; x_wconf 63' lang='lat' dir='ltr'>ctolas!</span> <span class='ocrx_word' id='word_1_258' title='bbox 391 2194 473 2232; x_wconf 79' lang='lat' dir='ltr'>Hic</span> <span class='ocrx_word' id='word_1_259' title='bbox 506 2202 588 2242; x_wconf 87' lang='lat' dir='ltr'>tua,</span> <span class='ocrx_word' id='word_1_260' title='bbox 619 2204 664 2234; x_wconf 83' lang='lat' dir='ltr'>ut</span> <span class='ocrx_word' id='word_1_261' title='bbox 691 2207 865 2248; x_wconf 80' lang='lat' dir='ltr'>possum,</span> <span class='ocrx_word' id='word_1_262' title='bbox 903 2201 1013 2234; x_wconf 81' lang='lat' dir='ltr'>tueor</span> <span class='ocrx_word' id='word_1_263' title='bbox 1043 2191 1149 2245; x_wconf 82' lang='lat' dir='ltr'>apud</span> <span class='ocrx_word' id='word_1_264' title='bbox 1177 2191 1275 2231; x_wconf 85' lang='lat' dir='ltr'>hos:</span> 
     </span>
    </p>

    <p class='ocr_par' dir='ltr' id='par_1_9' title="bbox 192 2247 1005 2302">
     <span class='ocr_line' id='line_1_37' title="bbox 192 2247 1005 2302; baseline 0 -16"><span class='ocrx_word' id='word_1_265' title='bbox 192 2247 363 2302; x_wconf 71' lang='lat' dir='ltr'>(Epist.)</span> <span class='ocrx_word' id='word_1_266' title='bbox 395 2260 501 2289; x_wconf 84' lang='lat' dir='ltr'>VOL</span> <span class='ocrx_word' id='word_1_267' title='bbox 520 2260 558 2286; x_wconf 81' lang='lat'>11</span> <span class='ocrx_word' id='word_1_268' title='bbox 564 2260 593 2288; x_wconf 91' lang='lat'>1.</span> <span class='ocrx_word' id='word_1_269' title='bbox 972 2259 1005 2286; x_wconf 85' lang='grc' dir='ltr'><strong>Η</strong></span> 
     </span>
    </p>
   </div>
  </div>
 </body>
</html>
