1498 2401
171 135 250 172 224
360 132 443 172 AD
471 131 760 171 ATTICUM.
791 132 890 170 111ss.
920 131 1016 171 XV.
1050 133 1111 171 15.

171 240 303 289 causa,
318 241 389 280 tibi
407 249 453 280 ut
471 241 576 292 apud
589 253 652 279 me
665 240 807 292 gratias
817 247 960 292 ageret,
971 246 1018 279 ut
1028 240 1140 290 cujus
1156 239 1295 279 eximi-

170 309 236 334 am
248 295 459 347 quamdam
475 303 513 334 et
530 294 795 334 admirabilem
812 295 854 332 in
868 295 983 333 caus‘a
1000 295 1210 333 Buthrotia
1227 306 1295 333 vo-

169 351 374 398 luntatem,
396 357 434 388 et
447 349 681 400 singularem
701 362 792 400 erga
815 362 855 387 se
872 361 1057 397 amorem,
1076 348 1295 400 perspexis-

172 410 252 448 set;
284 405 403 442 teneri
422 417 499 442 non
518 403 640 455 potui,
661 403 755 455 quin
779 403 851 441 tibi
875 402 1043 454 apertius
1071 403 1171 441 illud
1188 403 1292 441 idem

170 458 230 496 his
248 457 368 497 literis
387 458 629 497 declararem.
672 458 738 496 Ex
757 457 936 495 omnibus
954 457 1072 505 enim,
1096 457 1153 495 mi
1171 456 1295 495 Dola-

172 512 288 560 bella,
305 513 441 551 studiis
458 512 499 549 in
518 524 595 559 me,
612 518 650 549 et
663 511 807 559 officiis,
829 524 916 562 quae
927 523 1081 549 summa
1098 518 1203 558 sunt,
1223 511 1296 549 hoc

170 566 264 604 scito
289 566 388 604 mihi
421 573 459 605 et
488 566 771 617 amplissimum
800 565 934 614 videri,
967 573 1004 603 et
1035 564 1296 616 gratissimum

169 632 265 669 esse,
286 620 391 672 quod
408 619 622 672 perfeceris,
649 627 694 657 ut
722 619 879 657 Atticus
903 618 1148 670 intelligeret,
1172 630 1298 671 quan-

171 683 258 711 tum
289 687 360 726 ego
392 682 443 722 te,
464 687 583 726 quam
601 682 644 711 tu
662 686 727 712 me
751 686 910 712 amares.
952 672 1072 720 Quod
1100 672 1297 724 reliquum

174 736 243 775 est,
263 728 513 767 Buthrotiam
533 735 571 766 et
586 740 755 775 causam,
776 734 813 766 et
828 727 1034 773 civitatem,
1055 739 1297 778 quamquam

172 795 196 819 a
207 788 244 820 te
262 782 466 821 constituta
485 788 553 829 est,
578 781 778 833 (beneficia
795 788 925 819 autem
939 788 1068 818 nostra
1086 780 1185 818 tueri
1199 780 1297 819 sole-

173 836 283 885 mus)
301 844 444 883 tamen,
469 836 600 884 velim,
620 843 811 887 receptam
828 835 869 872 in
888 832 1005 872 fidem
1029 841 1153 881 tuam,
1173 847 1198 872 a
1215 845 1299 873 me-

173 903 250 941 que
269 890 384 928 etiam
406 898 522 942 atque
553 890 668 928 etiam
699 889 769 927 tibi
794 888 1115 936 commendatam,
1136 887 1300 927 auctori-

172 950 251 982 tate
269 951 307 982 et
325 944 469 982 auxilio
488 952 556 981 tuo
570 951 710 982 tectam
728 942 822 982 velis
840 956 931 981 esse.
962 942 1062 981 Satis
1073 942 1144 981 erit
1157 942 1199 980 in
1210 955 1299 1004 per-

171 1004 335 1049 petuum
347 997 563 1036 Buthrotiis
582 997 775 1049 praesidij3
796 996 1017 1049 magnaque
1031 996 1130 1035 cura.
1141 1002 1179 1035 et
1193 995 1298 1035 solli-

173 1051 341 1089 citudine
359 1052 539 1090 Atticum
564 1059 601 1089 et
615 1064 678 1089 me
695 1051 883 1099 liberaris,
913 1051 946 1089 si
963 1051 1035 1089 1100
1047 1050 1202 1089 honoris
1220 1049 1300 1089 mei

171 1118 285 1144 causa
310 1106 530 1158 susceperis,
550 1113 595 1143 ut
614 1118 676 1144 eos
701 1118 852 1157 semper
876 1118 900 1143 a
923 1112 961 1143 te
990 1104 1162 1143 defensos
1191 1103 1297 1143 velis.

175 1159 295 1207 Quod
323 1167 367 1198 ut
396 1160 526 1209 facias,
547 1167 586 1198 te
617 1160 860 1199 vehementer
891 1158 1008 1198 etiam
1037 1166 1154 1211 atque
1182 1158 1299 1198 etiam

176 1213 314 1265 rogo.’'

229 1318 306 1356 His
321 1318 439 1357 literis
458 1320 620 1381 scriptis,
640 1333 704 1358 me
717 1319 766 1357 ad
779 1322 969 1369 συνταξεις
980 1318 1093 1358 dedi:
1115 1332 1202 1371 quae
1213 1319 1300 1370 qui-

176 1372 280 1421 dem,
301 1385 444 1421 vereor,
460 1385 509 1410 ne
524 1374 685 1412 miniata
699 1373 829 1411 cerula
849 1374 918 1411 tua
936 1372 1113 1425 pluribus
1124 1373 1216 1411 10015
1229 1385 1300 1411 110-

173 1426 301 1464 tandae
319 1427 417 1465 sint:
448 1427 502 1465 ita
521 1441 608 1466 sum
622 1444 668 1477 με
673 1442 819 1478 τεωρος,
836 1434 874 1465 et
891 1427 1043 1479 magnis
1061 1426 1302 1478 cogitationi-

180 1482 253 1519 bus
271 1481 493 1532 impeditus.

394 1639 508 1688 (15.)
538 1638 752 1678 CICERO
780 1636 998 1678 ATTICO
1026 1640 1067 1679 s.

233 1745 356 1784 Lucio
373 1747 548 1785 Antonio
566 1748 668 1785 male
686 1747 750 1795 sit,
771 1748 959 1800 siquidem
979 1746 1194 1786 Buthrotiis
1216 1760 1302 1785 mo-

175 1801 293 1838 lestus
313 1808 380 1838 est.
424 1801 512 1852 Ego
538 1802 800 1840 testimonium
833 1802 1044 1853 composui,
1071 1801 1190 1853 quod,
1211 1814 1301 1839 cum

179 1854 295 1902 voles,
329 1855 560 1906 obsignabis.
601 1856 668 1893 Tu
691 1868 872 1895 nummos
902 1856 1156 1907 Arpinatum,
1187 1855 1220 1893 si
1250 1855 1300 1893 L.

182 1907 326 1945 Fadius
348 1909 467 1947 aedilis
495 1917 613 1960 petet,
639 1910 699 1948 vel
729 1923 861 1949 omnes
890 1910 1049 1949 reddito.
1089 1909 1178 1960 Ego
1196 1908 1246 1947 ad
1264 1916 1302 1947 te

178 1961 257 2000 alia
275 1961 435 2013 epistola
446 1963 578 2015 scripsi
597 1963 644 2001 de
673 1964 745 2004 HS
765 1965 856 2013 CX,
876 1978 964 2018 quae
983 1964 1105 2003 Statio
1123 1974 1304 2002 curaren-

179 2024 255 2053 tur.
285 2016 327 2055 Si
346 2029 385 2054 er
386 2029 435 2068 go
453 2024 557 2078 petet
575 2017 734 2067 Fadius,
755 2019 789 2057 ei
807 2020 894 2059 volo
907 2018 1041 2065 reddi,
1069 2024 1206 2069 praeter
1224 2017 1303 2055 Fa-

178 2069 307 2132 dium,
323 2071 483 2109 nemini.
511 2071 638 2123 Apud
655 2085 720 2110 me
742 2073 836 2111 item
859 2082 954 2126 puto
973 2072 1215 2124 depositum:
1244 2070 1301 2119 id,

178 2124 311 2175 scripsi
337 2124 386 2162 ad
411 2125 587 2174 Erotem,
607 2133 653 2163 ut
680 2127 865 2166 redderet.
905 2127 1097 2178 Reginam
1120 2125 1210 2164 odi·
1239 2137 1304 2163 me

169 2177 257 2237 jure
276 2178 399 2217 facere
428 2180 500 2218 scit
533 2192 693 2231 sponsor
720 2182 998 2233 promissorum
1023 2181 1106 2230 ejus
1134 2180 1306 2218 Ammo-

175 2231 289 2276 nius;
311 2246 398 2284 quae
417 2234 574 2285 quidem
594 2243 701 2274 erant
718 2242 849 2285 φιλολο
852 2251 915 2283 γα,
932 2243 969 2275 et
983 2234 1178 2287 dignitatis
1193 2246 1304 2281 meae,
