1498 2401
240 97 324 134 210
454 94 537 134 AD
566 92 854 134 ATTICUM.
884 91 986 133 Lm.
1009 93 1105 133 XV.
1139 96 1180 132 2.

246 210 392 254 tamen,
414 202 446 241 si
467 202 577 241 illam
603 216 759 243 causam
785 203 1020 265 habuissem,
1047 202 1280 255 scripsissem
1309 215 1373 242 ar·

244 258 410 297 dentius.
443 256 666 310 [ὑποθεσις,]
693 258 813 306 vides,
842 272 930 310 quae
948 258 996 296 sit
1020 269 1191 320 persona
1199 256 1371 296 dicentis.

248 310 387 364 Itaque
406 324 492 350 eam
507 312 690 363 corrigere
708 324 786 351 non
804 312 925 364 potui.
956 311 1048 360 Quo
1063 311 1166 350 enim
1179 311 1221 349 in
1235 323 1373 362 genere

249 367 398 405 Brutus
417 373 543 404 noster
567 379 645 404 esse
663 367 761 416 vult,
791 374 828 405 et
850 366 956 428 quod
980 365 1173 416 judicium
1190 366 1308 404 habet
1325 365 1374 404 de

248 420 396 481 optimo
421 432 557 472 genere
588 420 751 469 dicendi,
778 421 819 459 id
848 421 902 459 ita
926 427 1148 459 consecutus
1176 427 1233 458 est
1255 419 1297 457 in
1329 419 1376 458 53

251 475 434 522 oratione,
467 481 512 512 ut
543 474 754 526 elegantius
784 488 862 513 esse
894 475 993 513 nihil
1024 474 1155 527 possit.
1192 473 1268 513 Sed
1304 485 1376 524 ego

251 529 354 567 solus
373 529 470 567 alius
490 541 605 575 sum;
636 529 713 567 sive
730 529 803 568 hoc
830 536 943 577 recte,
965 528 1043 568 sive
1070 541 1148 567 non
1166 535 1278 567 recte.
1307 527 1374 566 Tu

245 590 395 631 tamen,
415 583 547 632 velim,
564 583 773 622 orationem
788 584 907 634 legas,
923 583 998 621 nisi
1015 583 1137 622 forte
1122 595 1205 632 Jam
1221 581 1373 634 legisn‘3

250 637 527 689 certioremque
559 649 622 675 me
654 637 783 685 facias,
800 637 903 698 ‘quid
925 637 1108 687 judices
1097 650 1190 688 lpse.
1219 637 1375 685 Quam·
1445 641 1449 645 '

249 704 370 752 quam
390 704 533 738 vereor,
555 703 617 736 ne,
634 691 860 742 cognomine
886 699 953 729 tuo
966 692 1145 743 lapsus,
1132 705 1376 742 υπεραττικος

250 745 352 784 515111
368 745 587 795 judicando
617 745 707 793 Sed,
722 746 752 783 si
771 745 1015 784 recordabere
1030 746 1280 793 Δηαοσὲῐενους
1295 743 1375 782 ful-

248 799 369 848 mina,
389 807 475 837 tum
493 799 696 851 intelliges,
716 812 825 851 posse
840 807 878 838 et
898 814 1139 836 αττικωτατα
1153 798 1376 849 gravissime

250 852 337 891 (1151.
368 853 445 892 Sed
471 854 554 892 haec
571 866 710 891 coram.
742 854 875 902 Nunc,
905 866 974 891 nec
998 852 1079 891 sine
1104 852 1280 903 epistola,
1306 865 1376 892 1155

247 920 340 946 511111
358 907 464 945 inani
484 907 657 960 epistola,
678 907 783 946 volui
801 906 851 945 ad
870 915 907 946 te
927 906 1199 945 Metrodorum
1217 905 1357 946 venire·

489 1070 574 1125 (2.)
605 1071 818 1112 CICERO
846 1069 1072 1112 ATTICO
1099 1073 1140 1112 5.

304 1180 455 1228 Quinto
466 1180 613 1219 decimo
627 1180 829 1230 calendas,
844 1195 864 1220 e
876 1181 1106 1221 Sinuessano
1119 1180 1376 1233 proficiscens,

250 1247 343 1273 cum
374 1235 561 1273 dedissem
591 1235 640 1273 ad
665 1242 703 1274 te
726 1235 869 1284 literas,
898 1235 1213 1287 divertissemque
1242 1249 1266 1274 a
1296 1235 1378 1275 Cu-

251 1289 342 1336 mis,
362 1289 403 1327 in
423 1290 463 1327 V
465 1289 613 1328 55513110
635 1290 758 1341 accepi
780 1303 803 1327 a
828 1290 1025 1329 tabellario
1044 1298 1130 1328 tuas
1147 1289 1276 1329 literas
1292 1303 1305 1336 ;
1334 1289 1376 1328 in

245 1343 394 1395 quibus
413 1343 529 1382 nimis
548 1344 672 1382 multa
694 1344 742 1382 de
760 1344 966 1383 Buthroto.
999 1344 1093 1383 Non
1116 1343 1220 1383 enim
1242 1344 1313 1382 tibi
1331 1357 1377 1383 ea

251 1410 311 1435 res
340 1397 476 1448 majori
505 1412 606 1436 curae
636 1407 703 1436 aut
733 1406 789 1436 est
818 1406 886 1437 aut
910 1399 995 1446 erit,
1023 1411 1144 1451 quam
1172 1398 1282 1436 mihi.
1312 1398 1377 1437 Sic

251 1452 356 1490 enim
376 1452 495 1500 decet,
517 1459 554 1491 te
571 1465 659 1490 mea
678 1465 823 1499 curare,
843 1460 912 1491 tua
929 1465 1005 1491 me.
1034 1453 1315 1501 Quamobrem,
1335 1452 1376 1491 id

251 1505 410 1557 quidem
430 1506 483 1544 sic
501 1513 720 1559 susceptum
743 1514 799 1545 est
816 1507 929 1556 mihi,
949 1514 994 1545 ut
1012 1507 1112 1546 nihil
1129 1507 1203 1546 sim
1220 1506 1377 1546 habitu-

251 1572 317 1598 rus
337 1560 546 1612 antiquius.

306 1614 355 1652 L.
375 1615 595 1653 Antonium
616 1616 881 1655 concionatum
901 1629 994 1664 esse,
1015 1615 1174 1668 cognovi
1193 1615 1270 1654 tuis
1288 1615 1377 1654 lite-

250 1668 301 1706 ris
330 1676 367 1706 et
395 1668 493 1716 aliis,
528 1669 704 1709 sordide.
735 1671 816 1715 sed,
846 1670 888 1709 id
915 1671 1029 1723 quale
1060 1670 1190 1718 fuerit,
1220 1669 1375 1709 nescio:

249 1722 348 1760 nihil
361 1723 464 1761 enim
479 1724 670 1775 scripsisti.
701 1724 764 1764 De
779 1725 1027 1775 Menedemo,
1040 1725 1170 1778 probe.
1200 1723 1374 1772 Quintus

246 1785 349 1815 certe
368 1790 412 1814 ea
430 1777 591 1825 dictitat,
613 1792 700 1830 quae
719 1780 861 1818 scribis.

304 1830 520 1870 Consilium
538 1845 671 1870 meum
691 1847 714 1871 a
739 1841 776 1872 te
795 1834 961 1884 probari,
989 1833 1094 1886 quod
1113 1846 1158 1872 53
1174 1845 1254 1871 11011
1284 1831 1376 1872 scri-

249 1887 355 1932 bam,
376 1898 464 1936 quae
483 1893 525 1924 tu
556 1900 579 1924 a
601 1900 664 1925 me
682 1888 901 1938 postularis,
921 1888 1031 1926 facile
1049 1887 1200 1939 patior:
1230 1887 1377 1925 multo-

249 1953 327 1990 que
354 1939 478 1990 magis
499 1940 539 1978 id
562 1942 761 2002 probabis,
792 1942 824 1980 51
854 1943 1064 1981 orationem
1090 1954 1190 1990 eam,
1221 1941 1270 1979 de
1291 1940 1375 1993 qua

249 1993 365 2031 hodie
378 1993 427 2031 ad
447 2001 484 2032 te
503 1994 647 2045 scripsi,
667 1995 816 2047 legeris.

304 2047 406 2095 Quae
424 2047 472 2086 de
497 2027 729 2099 legionibus⁰
731 2050 876 2098 scribis,
904 2064 948 2089 53
965 2064 1055 2090 vera
1072 2057 1174 2089 sunt.
1203 2049 1279 2089 Sed
1297 2061 1375 2088 non

251 2101 344 2139 satis
362 2101 434 2140 hoc
452 2102 551 2140 mihi
582 2103 719 2142 videris
735 2104 807 2142 tibi
829 2105 1072 2157 persuasisse,
1100 2104 1195 2156 quid
1220 2103 1268 2142 de
1291 2103 1377 2142 Bu-

249 2155 403 2195 throtiis
440 2157 577 2197 nostris
605 2171 673 2210 per
703 2166 882 2200 senatum
915 2172 1042 2211 speres
1074 2157 1208 2199 confici
1240 2169 1376 2210 posse3
