1498 2401
174 113 252 152 168
336 93 444 151 ‘AD
473 109 761 150 ATTICUM.
791 109 892 148 Lm.
912 107 1037 149 xm.
1067 112 1134 151 39.

171 229 325 261 motum
353 221 473 260 istum
505 219 714 273 aliquando
746 219 938 271 scripsisse
962 218 1111 272 aliquid
1129 219 1181 259 ad
1201 233 1294 269 me;

172 276 286 315 credo
300 283 338 315 et
355 275 406 314 ad
424 283 487 314 te:
517 275 635 327 idque
653 281 698 313 ut
717 274 850 323 sciam,
869 273 1008 312 facim:
1038 286 1147 323 nam,
1166 275 1299 328 adpa-

171 338 272 369 trem
291 331 339 370 de
356 343 421 369 me
448 329 544 382 quid
562 328 765 380 scripserit,
792 328 941 366 nescio:
972 327 1020 366 de
1038 336 1162 368 matre
1179 343 1300 382 quam

172 386 248 437 pie.
294 386 323 408 ‘⁶
343 384 601 431 Volueram,''
633 383 775 435 inquit,
807 386 836 405 “
855 389 900 420 ut
932 395 1051 434 quam
1083 383 1300 435 plurimum

172 447 301 479 tecum
332 452 467 488 essem,
502 437 663 477 conduci
694 437 793 475 mihi
823 436 1014 482 domum3
1044 443 1082 475 et
1110 437 1152 476 id
1180 438 1231 476 ad
1262 445 1303 477 te

173 494 396 546 scripseram
413 507 424 532 :
454 492 670 544 neglexisti.
697 491 762 530 Ita
782 491 913 529 minus
930 491 1104 530 multum
1128 492 1209 530 una
1227 492 1302 531 eri-

174 561 290 587 mus:
320 561 415 586 nam
440 560 510 599 ego
539 547 654 585 istam
682 545 844 584 domum
862 544 990 584 videre
1007 557 1087 584 non
1110 558 1300 598 possum3

174 603 255 656 qu&
291 603 339 641 de
371 602 500 650 causa,
535 601 651 640 scis.”
691 600 808 639 Hanc
839 598 971 638 autem
1002 612 1158 639 causam
1193 607 1305 653 pater

174 658 310 697 odium
326 657 461 696 matris
480 668 561 695 esse
579 655 740 693 dicebat.

232 713 353 751 Nunc
371 725 435 750 me
461 712 571 760 juva,
594 709 652 747 mi
669 709 815 756 Attice,
836 707 1007 756 consilio,
1029 722 1177 759 ποι-ερον
1203 709 1305 754 δικας

178 782 302 819 τειχος
319 768 438 813 ὕψιον,
461 764 522 814 [id
541 771 610 812 est,
632 770 764 801 utrum
783 769 913 814 aperte
930 761 1129 800 hominem
1150 762 1305 815 adsper-

177 834 260 870 ner,
282 828 320 859 et
336 819 552 871 respuam,]
585 834 604 862 η
635 825 786 861 σκολιας
812 831 971 859 απατας.
999 817 1058 855 Ut
1076 816 1181 855 enim
1210 818 1306 856 Pin-

178 876 285 923 dato,
306 875 360 913 sic
380 874 465 926 ὃιχα
484 888 543 921 μοι
565 886 651 919 amoc,
667 886 856 922 ατρεκειαν
876 884 996 908 sun-etv.
1025 870 1202 910 Omnino
1219 885 1306 912 mo.

176 931 284 969 ribus
314 928 410 967 meis
439 926 540 966 illud
561 925 715 977 aptius3
746 924 812 963 sed
841 924 915 963 hoc
938 923 1096 964 fortasse
1121 927 1306 979 tempori-

179 986 272 1024 bus‘
300 984 367 1022 Tu
387 989 532 1028 autem,
554 979 660 1032 quod
677 978 760 1030 ipse
778 979 851 1018 tibi
876 979 1053 1027 suaseris,
1077 978 1183 1018 idem
1205 980 1303 1020 mihi

178 1050 405 1092 persuasum
430 1043 577 1088 putato.
606 1033 806 1085 Equidem
832 1046 963 1072 vereor
986 1033 1173 1082 maxime,
1193 1047 1242 1074 ne
1266 1036 1307 1074 in

181 1093 406 1132 Tusculano
434 1089 643 1142 opprimar.
674 1087 724 1125 In
743 1088 859 1126 turba
876 1088 959 1127 haec
977 1095 1101 1126 essent
1125 1088 1307 1129 faciliora.

180 1149 329 1188 Utrum
360 1145 480 1198 igitur
516 1141 706 1182 Asturae'?
747 1142 872 1192 Quid,
910 1142 943 1181 si
982 1140 1114 1182 Caesar
1145 1144 1273 1183 subito
1288 1148 1308 1184 Ρ

181 1203 290 1242 Juva
307 1214 385 1249 me,
407 1211 550 1253 quaeso,
579 1196 750 1236 consilio.
780 1196 880 1236 Utar
904 1209 963 1245 eo,
990 1196 1095 1249 quod
1119 1204 1162 1236 tu
1180 1197 1309 1238 decre-

186 1271 296 1298 vens.

411 1419 527 1472 (39.)
557 1415 771 1456 CICERO
799 1414 1018 1454 ATTICO
1047 1416 1089 1456 S.

239 1530 278 1570 O
297 1527 561 1568 incredibilem
579 1526 789 1565 vanitatem
807 1524 817 1562 1
849 1523 899 1563 ad
920 1531 1086 1576 patrem,
1106 1524 1222 1564 domo
1241 1527 1313 1566 sibi

184 1584 392 1627 carendum
407 1590 563 1634 propter
575 1588 742 1619 matrem
759 1594 769 1617 τ
799 1578 915 1631 plena
933 1579 1111 1631 pietatis!
1145 1579 1224 1619 Hic
1241 1594 1311 1620 au-

185 1650 266 1681 tem
291 1640 376 1689 jam
400 1635 628 1687 languescit,
660 1642 698 1673 et
725 1634 778 1672 ait
804 1633 876 1671 sibi
899 1633 1015 1671 illum
1040 1634 1128 1683 jure
1154 1634 1310 1674 iratum.

185 1695 263 1735 Sed
273 1700 361 1732 utar
371 1698 439 1730 tuo
451 1690 634 1729 consilio:
670 1696 798 1726 σκολια
812 1687 917 1725 enim
932 1687 1003 1726 tibi
1021 1687 1133 1727 video
1150 1689 1311 1741 placere.

185 1751 372 1794 Romam,
392 1752 438 1783 ut
456 1757 598 1792 censes,
619 1742 787 1789 veniam,
803 1741 869 1780 sed
882 1741 1027 1780 invitus
1043 1756 1053 1780 ε
1084 1742 1196 1782 valde
1210 1744 1314 1783 enim

185 1805 228 1842 in
246 1799 445 1842 scribendo
463 1799 599 1837 haereo.
627 1798 814 1845 Brutum,
834 1796 979 1848 inquis,
1000 1796 1136 1836 aedem
1159 1797 1312 1838 scilieet„

185 1857 278 1906 Sed,
308 1854 383 1894 nisi
412 1853 485 1892 hoc
517 1859 626 1899 esset,
661 1865 719 1890 res
743 1864 808 1889 me
834 1850 909 1889 ista
933 1862 1012 1889 non
1042 1859 1204 1903 cogeret.
1231 1853 1314 1893 Nec

186 1912 291 1951 enim
308 1909 400 1948 inde
418 1907 535 1955 venit,
562 1905 667 1945 unde
695 1905 884 1950 mallem;
914 1917 1041 1957 neque
1070 1906 1138 1944 diu
1163 1906 1312 1951 abfuitz

187 1979 313 2018 neque
340 1963 464 2002 ullam
488 1961 640 2000 literam
669 1959 719 1999 ad
741 1973 818 1998 me.
847 1959 924 1998 Sed
946 1966 1077 1999 tamen
1097 1960 1191 2000 scire
1207 1974 1313 2012 aveo,

187 2021 315 2074 qualis
344 2018 380 2057 ei
401 2017 518 2055 totius
543 2014 688 2054 itineris
708 2027 863 2053 summa
886 2014 1015 2053 fuerit.
1046 2015 1186 2055 Libros
1203 2016 1313 2065 mihi,

188 2076 238 2114 de
256 2073 398 2127 quibus
417 2071 466 2110 ad
484 2078 522 2109 te
540 2078 652 2109 antea
671 2069 816 2122 scripsi,
832 2068 965 2118 velim,
979 2068 1125 2119 mittae,
1141 2077 1180 2109 et
1193 2071 1315 2111 maxi-

190 2142 254 2169 me
272 2127 418 2179 Φαιδρου
439 2131 649 2175 Περισσων,
671 2131 707 2164 et
724 2122 918 2167 Ἐλλαδος.
