1498 2401
374 138 455 179 AD
483 137 747 179 BRUTUM.
777 139 938 178 Epls'r.
967 141 1033 179 20.
1200 143 1281 190 377

137 257 242 290 creta
258 255 352 289 sunt
366 249 441 288 hoc
458 249 649 297 tumultu,
668 249 699 287 si
715 256 796 297 aut,
817 261 895 301 quo
909 249 972 288 die
989 249 1071 288 dixi
1085 252 1268 290 sententi-

136 317 218 354 am,
237 304 406 357 perfecta
424 310 560 350 8558111,
589 311 626 340 et
656 315 734 342 non
760 304 801 342 ‘m
834 303 938 343 diem
964 317 1012 342 ex
1042 304 1104 343 die
1133 305 1266 357 dilata,

136 367 221 408 aut,
241 372 320 411 quo
339 371 388 397 ex
406 364 577 409 tempore
596 365 775 409 suscepta
794 366 884 396 sunt
896 367 939 396 ut
950 367 1169 410 agerentur,
1188 372 1268 399 non

137 413 288 452 tardata
306 420 344 452 et
357 412 646 464 procrastinata,
667 412 815 450 bellum
832 413 916 462 jam
935 413 1091 451 nullum
1110 414 1271 454 habere-

136 479 239 507 mus.

192 521 355 572 Omnia,
376 522 514 570 Brute,
534 519 694 572 praestiti
721 519 956 571 reipublicae,
983 535 1070 573 quae
1087 531 1268 574 praestare

135 577 299 616 debuit
288 589 336 626 15,
355 576 426 628 qui
444 589 482 614 es
485 584 540 614 set
557 575 599 612 in
618 587 676 623 8ο,
696 573 737 611 in
761 587 838 625 quo
858 588 928 626 ego
947 589 1049 625 sum,
1070 576 1192 627 gradu
1212 591 1272 616 se-

134 634 222 671 nat
209 645 249 670 15
264 631 488 693 populique
511 629 658 680 judicio
687 628 918 668 collocatus:
949 642 1018 668 nec
1050 631 1119 668 illa
1136 632 1268 681 modo,

135 699 224 738 quae
235 685 419 724 nimirum
433 685 515 722 sela
530 686 578 722 ab
597 683 754 722 homine
771 692 862 722 sunt
873 685 1117 735 postulanda,
1134 686 1268 735 fidem,

134 740 393 792 vigilantiam,
420 739 555 791 patriae
584 738 808 776 caritatem·
839 752 884 776 ea
915 747 1005 777 sunt
1035 752 1079 777 en
1070 740 1152 787 1111,
1179 754 1270 792 quae

135 807 252 834 nemo
266 803 323 833 est
337 794 406 846 qui
419 806 498 831 non
516 801 695 845 praestare
713 791 870 830 debeat·
893 806 963 844 ego
982 803 1113 831 autem
1129 795 1177 843 ei,
1199 796 1269 847 qui

135 849 367 889 sententiam
385 848 515 886 dicat'
506 861 546 885 m
574 846 813 898 principibus
837 847 886 886 de
913 860 954 886 re
980 847 1150 900 publica,
1170 858 1269 900 puto

135 904 253 943 etiam
277 902 526 956 prudentiam
557 914 637 940 esse
665 901 946 953 praestandam:
978 915 1048 941 nec
1077 916 1154 951 me,
1176 917 1266 942 cum

134 959 236 998 mihi
264 966 419 998 tantum
450 955 669 1004 5111115811111,
690 965 735 994 ut
753 957 1015 1007 gubernacula
1044 971 1098 995 181
1088 958 1268 1009 'publieae

132 1013 376 1066 prenderem,
406 1011 538 1049 minus
561 1010 733 1062 putarim
761 1011 1134 1062 reprehendendum,
1155 1013 1187 1050 si
1205 1013 1266 1051 in-

133 1068 280 1107 utiliter
298 1066 447 1119 aliquid
466 1065 616 1104 senatui
635 1065 834 1114 suaserim,
854 1079 973 1127 quam
993 1066 1024 1104 si
1043 1066 1258 1106 infideliter.

186 1124 292 1161 Acta
310 1135 398 1174 quae
416 1121 506 1169 sint,
528 1133 692 1173 quaeque
711 1127 890 1171 agantur,
915 1121 990 1159 scio
1015 1121 1197 1173 perscribi
1215 1122 1266 1160 ad

132 1183 172 1216 te
185 1177 400 1229 diligenter.
430 1175 496 1214 Ex
510 1188 574 1213 me
592 1182 737 1223 autem,
757 1174 856 1212 illud
876 1183 945 1222 est,
967 1175 1072 1227 quod
1091 1183 1130 1213 te
1146 1176 1264 1215 velim

131 1231 275 1270 habere
301 1230 516 1282 cognitum,
535 1242 670 1267 meum
689 1228 847 1280 quidem
867 1230 1043 1267 animum
1075 1230 1116 1267 in
1142 1231 1264 1269 aciem

133 1299 237 1326 esse·
225 1315 242 1348 ⁹.
269 1298 396 1337 neque
409 1292 625 1337 respectum
638 1283 766 1321 ullum
787 1297 970 1335 quaerere,
985 1284 1059 1322 nisi
1076 1297 1141 1323 me
1159 1285 1267 1323 utili-

133 1348 192 1380 tas
210 1340 374 1380 civitatis
391 1340 489 1378 forte
517 1338 754 1377 converterit.
789 1338 961 1387 Majores
981 1347 1110 1377 autem
1137 1347 1268 1391 partes

133 1395 255 1434 animi
273 1402 311 1433 te
328 1393 584 1446 Cassiumque
603 1392 821 1444 respiciunt.
852 1393 1134 1441 Quamobrem,
1155 1395 1209 1432 ita
1227 1402 1268 1432 te

132 1463 241 1502 para,
261 1450 401 1497 Brute,
422 1456 466 1487 ut
484 1447 692 1498 intelligas,
720 1454 802 1495 aut,
830 1447 863 1485 si
882 1447 953 1486 hoc
977 1457 1148 1499 tempore
1166 1450 1266 1487 bene

131 1517 192 1543 res
210 1512 317 1556 gesta
335 1504 397 1552 511,
417 1503 489 1541 tibi
507 1503 706 1540 meliorem
724 1502 1004 1553 rempublicam
1025 1516 1103 1541 esse
1121 1503 1265 1541 facien-

131 1558 250 1605 dam3
280 1566 362 1605 aut,
383 1557 415 1596 si
443 1557 538 1610 quid
557 1556 748 1595 offensum
767 1555 829 1605 sit,
850 1569 918 1609 per
932 1564 970 1596 te
988 1569 1043 1595 ess
1047 1570 1067 1595 8
1086 1557 1264 1596 eamdem

132 1613 446 1666 recuperandam.
477 1612 588 1651 Vale.

366 1778 480 1829 (20.)
509 1775 724 1815 CICERO
753 1775 956 1816 BRUTO
986 1777 1027 1816 5.

175 1887 313 1928 Planci
324 1886 501 1926 animum
512 1885 552 1924 in
564 1885 842 1936 rempublicam
857 1886 1069 1938 egregium,
1077 1885 1263 1937 legioneS,

132 1943 294 1991 auxilia,
314 1941 457 1994 copias,
482 1953 531 1979 ex
557 1940 677 1979 literis
709 1941 791 1990 ejus
821 1942 1007 1993 (quarum
1036 1941 1260 1992 exemplum

131 1999 204 2038 tibi
221 1997 386 2036 missum
404 1994 585 2045 arbitror)
602 1994 814 2047 perspicere
827 1995 998 2047 potuisti.
1027 1995 1183 2047 Lepidi,
1202 1996 1263 2034 tui

132 2051 348 2100 necessarii,
383 2050 484 2103 (qui,
516 2049 729 2089 secundum
761 2049 934 2098 fratrem,
968 2049 1101 2088 affines
1129 2049 1261 2098 habet,

131 2121 229 2171 quos
252 2106 388 2155 oderit,
417 2102 633 2157 proximos)
662 2104 859 2143 levitatem
887 2111 924 2142 et
949 2103 1262 2153 inconstantiam,

126 2163 387 2213 animumque
405 2172 555 2211 semper
571 2158 775 2198 inimicum
792 2158 1057 2211 reipublicae,
1042 2171 1126 2208 Jam
1151 2159 1264 2197 credo

130 2218 203 2257 tibi
221 2229 269 2256 ex
287 2223 446 2254 tuorum
463 2215 583 2254 literis
601 2226 681 2253 oese
703 2220 946 2295 perspectoum
951 2214 1076 2306 .3Nos
1102 2226 1260 2266 exspec-

864 2296 888 2306 ..
910 2280 937 2306 Κ
