1467 2401
323 102 407 142 AD
434 101 722 143 ATTICUM.
752 105 851 144 Lm.
883 105 936 144 X.
971 107 1032 145 ll.
1190 111 1242 149 59

119 225 158 256 te
174 215 301 254 literas
314 213 504 258 reddidit;
534 213 676 265 quibus
695 227 782 265 quae
800 214 848 253 de
861 215 976 254 fratre
989 228 1078 255 meo
1096 217 1241 267 scribis,

119 276 211 310 sunt
229 282 273 308 ea
286 268 444 320 quidem
462 281 601 319 parum
616 267 751 314 firma3
784 269 848 307 sed
860 269 1003 308 habent
1022 271 1120 309 nihi]
1135 274 1242 309 ὑπου-

120 333 198 374 λον,
210 324 309 362 nihil
319 323 454 371 fallax,
470 322 568 360 nihil
586 335 663 361 non
681 322 849 362 flexibile
865 324 914 362 ad
933 325 1159 373 bonitatem,
1182 327 1242 364 ni-

117 378 189 426 hil,
210 377 314 430 quod
333 389 425 425 non,
446 389 523 428 quo
548 377 655 424 velis,
676 389 754 415 uno
774 390 946 416 sermone
965 380 1084 430 possis
1103 381 1244 431 perdu-

119 445 214 472 cere.
244 432 286 471 N
287 445 307 470 e
318 432 468 477 multa;
499 443 632 469 omnes
652 444 752 478 suos,
774 433 890 470 etiam
910 435 1051 484 quibus
1070 434 1244 473 irascitur

120 485 300 533 crebrius,
321 497 450 524 tamen
466 498 571 524 caros
588 485 718 534 habet,
739 498 803 523 me
822 487 979 538 quidem
998 501 1036 526 se
1051 488 1132 539 ipso
1148 490 1243 527 cari-

118 553 238 580 orem.
268 539 387 588 Quod
406 539 453 578 de
471 552 590 591 puero
605 539 714 578 aliter
732 540 781 578 ad
795 547 833 578 te
852 541 1013 593 scripsit,
1035 550 1072 580 et
1091 543 1140 581 ad
1158 556 1243 581 ma-

119 602 219 634 trem
238 594 286 632 de
304 594 398 642 fiho,
418 606 496 632 non
508 594 753 645 reprehendo.

170 648 234 687 De
255 649 389 687 itinere
408 656 444 687 et
463 648 510 686 de
529 660 653 686 sorore
678 662 765 700 quae
795 649 939 698 scribis,
959 651 1119 689 molesta
1138 658 1241 700 sunt,

117 716 238 755 eoque
251 702 388 755 magis,
410 701 515 754 quod
533 715 577 740 ea
595 709 767 754 tempora
778 712 906 742 nostra
925 713 1027 751 sunt,
1041 713 1086 743 ut
1100 718 1168 756 ego
1183 706 1243 744 his

115 757 262 796 mederi
279 769 357 796 non
375 757 540 808 possim:
561 768 653 794 nam
673 765 771 796 certe
789 758 984 797 mederer:
1008 759 1086 808 sed,
1101 760 1242 811 quibus

116 813 157 852 in
182 812 295 850 malis
315 819 353 850 et
370 811 450 863 qua
467 811 508 849 in
527 811 787 863 desperatione
811 825 939 850 rerum
967 813 1100 860 simus,
1122 814 1238 852 vides.

118 867 195 906 Illa
221 866 270 905 de
294 866 440 904 ratione
462 865 682 903 nummaria
701 878 778 904 non
805 875 894 905 sunt
914 867 1103 916 ejusmodi
1123 871 1241 920 (saepe

115 921 218 960 enim
238 919 353 958 audio
375 933 424 957 ex
442 917 560 971 ipso),
580 927 624 958 ut
650 933 727 958 non
748 921 876 972 cupiat
895 922 963 960 tibi
988 930 1182 972 praestare,
1204 931 1242 961 et

113 974 156 1013 in
176 987 219 1013 eo
243 975 401 1013 laboret.
443 974 533 1023 Sed,
561 974 594 1012 si
613 974 710 1012 mihi
730 974 781 1022 Q.
802 975 946 1024 Axius,
978 976 1018 1013 in
1050 976 1122 1014 hac
1154 977 1242 1015 mea

113 1029 225 1081 fuga,
253 1029 325 1068 HS
345 1028 459 1066 XIII
479 1041 556 1066 non
575 1028 712 1076 reddit,
734 1042 822 1080 quae
841 1029 928 1068 dedi
948 1031 1029 1080 ejus
1049 1031 1128 1068 filio
1152 1043 1242 1068 mu-

113 1092 195 1130 tua,
234 1090 270 1122 et
301 1083 423 1120 utitur
447 1082 689 1121 excusatione
722 1084 929 1135 temporis;
961 1086 992 1122 si
1023 1084 1149 1136 Lepta
1165 1099 1177 1130 3
1208 1085 1240 1123 si

112 1138 263 1184 caeteri3
294 1137 394 1175 soleo
413 1137 558 1185 mirari,
581 1136 627 1175 de
646 1138 771 1176 nescio
790 1138 897 1189 queis
925 1138 996 1178 HS
1021 1139 1120 1186 XX,
1149 1152 1240 1178 cum

111 1192 228 1231 audio
257 1205 305 1230 ex
331 1191 414 1239 ino,
447 1204 486 1229 se
514 1191 655 1242 urgeri.
695 1192 816 1230 Vides
845 1193 947 1230 enim
973 1193 1141 1244 profecto
1171 1206 1242 1231 an-

111 1246 280 1298 gustias:
312 1244 436 1284 curari
461 1252 590 1283 tamen
615 1258 660 1283 ea
677 1245 748 1283 tibi
767 1247 902 1298 utique
917 1248 1041 1296 jubet.
1080 1250 1150 1285 An
1171 1261 1238 1286 ex-

109 1301 256 1339 istimas
274 1300 387 1338 illum
399 1299 440 1336 in
451 1299 523 1338 isto
535 1311 672 1350 genere
685 1300 893 1349 lentulum,
911 1309 978 1339 aut
990 1301 1204 1340 restrictum
1221 1305 1239 1341 ‚0

108 1355 239 1394 Nemo
258 1361 313 1392 est
331 1353 473 1391 minus.

165 1408 230 1447 De
243 1408 359 1447 fratre
378 1408 480 1446 satis.
511 1407 574 1446 De
594 1408 676 1458 ejus
694 1408 773 1446 filio
788 1422 800 1454 ς
829 1408 991 1447 indulsit
1004 1409 1061 1447 illi
1077 1410 1234 1461 quidem

109 1477 202 1503 suus
219 1470 327 1515 pater
342 1475 490 1513 semper
503 1475 524 1508 ζ
547 1462 611 1500 sed
624 1475 700 1501 non
720 1463 810 1501 facit
829 1463 1070 1514 indulgentia
1081 1465 1240 1503 menda-

109 1531 207 1567 cem,
227 1525 295 1555 aut
313 1530 487 1564 avarum,
508 1524 575 1554 aut
599 1529 678 1555 non
704 1527 898 1555 amantem
923 1531 1110 1565 sucrum,
1101 1532 1109 1542 ·
1141 1519 1241 1558 fero-

107 1585 192 1612 cem
218 1571 390 1619 fortasse,
422 1578 542 1623 atque
568 1578 808 1622 arrogantem
843 1579 880 1609 et
909 1572 1107 1621 infestum,
1137 1573 1241 1612 facit.

111 1627 251 1679 Itaque
269 1626 385 1664 habet
401 1624 484 1664 haec
503 1638 672 1677 quoque,
698 1639 784 1677 quae
806 1638 874 1664 nas
877 1635 1016 1664 cuntur
1035 1640 1083 1665 ex
1109 1626 1240 1666 indul-

107 1680 262 1732 gentia:
294 1679 359 1718 sed
378 1692 422 1718 ea
441 1688 531 1718 sunt
556 1680 792 1718 tolerabilia.
827 1680 940 1732 (quid
970 1681 1073 1718 enim
1097 1681 1238 1730 dicam,

110 1735 183 1774 hac
203 1736 407 1785 juventute
421 1736 457 1781 Ρ)
490 1746 539 1772 ea-
547 1747 655 1783 vero,
677 1747 764 1786 quae
786 1734 884 1772 mihi
910 1735 1083 1786 quidem,
1104 1736 1172 1787 qui
1191 1736 1239 1774 il-

108 1791 194 1829 lum
213 1801 315 1837 amo,
333 1795 422 1826 sunt
436 1788 525 1826 ΜΞ
515 1788 607 1839 lpsis
625 1788 777 1833 malis,
767 1801 807 1826 m
828 1789 936 1840 queis
955 1802 1103 1837 sumus,
1124 1790 1239 1829 mise-

106 1845 220 1893 riora,
250 1855 329 1880 non
348 1849 438 1880 sunt
460 1844 508 1880 ab
536 1843 719 1894 obsequio
746 1850 902 1889 nostro;
933 1855 1035 1882 non:
1070 1857 1158 1882 suas
1176 1858 1238 1883 ra-

107 1899 208 1937 dices
226 1898 396 1943 habent3
427 1910 522 1949 quas
550 1904 681 1934 tamen
701 1898 901 1935 evellerem
922 1898 1104 1949 profecto,
1133 1899 1164 1936 si
1190 1899 1238 1936 li-

107 1959 217 1992 ceret.
259 1950 335 1990 Sed
354 1964 398 1989 ea
416 1958 590 2002 tempora
609 1958 712 2000 sunt,
733 1959 778 1989 ut
809 1952 938 1990 omnia
956 1952 1055 1990 mihi
1074 1953 1149 1991 sint
1168 1967 1237 2005 pa-

105 2005 245 2046 tienda.
289 2004 377 2056 Ego
406 2018 540 2043 meum
558 2005 669 2043 facile
698 2013 832 2043 teneo:
864 2006 962 2043 nihil
987 2014 1041 2044 est
1061 2007 1165 2045 enim
1194 2020 1238 2045 eo

105 2059 368 2099 tractabilius:
400 2060 511 2109 cujus
530 2060 689 2111 quidem
718 2060 977 2098 misericordia
996 2061 1238 2111 languidiora

105 2115 232 2154 adhuc
259 2113 417 2152 consilia
436 2114 546 2166 cepi;
578 2121 629 2163 et,
651 2127 729 2166 quo
758 2114 823 2152 ille
853 2127 917 2152 me
935 2115 1131 2153 fortiorem
1151 2115 1236 2154 vult

104 2182 196 2216 esse,
217 2181 261 2207 eo
279 2168 403 2219 magis
422 2168 555 2215 timeo,
576 2180 626 2206 ne
644 2169 682 2206 in
703 2181 794 2206 eum
814 2169 995 2206 exsistam
1017 2168 1216 2207 crudelior.

160 2222 234 2262 Sed
260 2221 459 2259 Antonius
479 2222 582 2260 venit
600 2223 683 2260 heri
708 2223 866 2273 vesperi.
897 2223 990 2260 Jam
1011 2222 1168 2261 fortasse
1189 2223 1237 2261 ad
