1498 2401
372 91 450 133 DE
482 92 664 133 PETIT.
693 91 854 133 CONS.
892 88 952 131 11.
1144 89 1225 132 395

101 202 204 252 dere,
233 201 369 253 OOe‘git·
397 201 679 250 Quamobrem,
711 208 950 252 Επιχαρμειον
968 200 1066 240 illud
1083 207 1226 250 teneto,

103 260 132 282 “
147 270 282 296 nervos
300 263 417 307 atque
435 262 542 294 artus
560 268 640 294 esse
659 255 868 307 sapientiae,
891 268 969 294 non
987 263 1130 294 temere
1148 269 1230 295 cre·

101 311 233 350 dere.''
254 310 322 359 Et,
339 323 429 348 cum
441 318 596 348 tuorum
611 310 822 348 amicorum
835 309 961 348 studia
975 310 1228 359 constitueris,

102 373 188 404 tum
207 365 322 403 etiam
341 365 639 402 obtrectatorum
659 372 774 415 atque
793 363 1095 402 adversariorum
1113 365 1230 403 ratio-

100 432 169 458 nes
188 428 225 458 et
243 431 382 470 genera
400 418 625 468 cognoscito.
660 419 757 456 Haec
777 427 807 456 tt·
802 419 881 456 ia
868 427 982 464 unt3
1012 431 1152 466 unum,
1178 431 1228 457 ex

101 474 149 512 iis
191 485 287 524 quos
322 450 701 517 laesisti²³3a1terum‚
740 472 821 523 qui,
868 472 948 510 sine
985 472 1112 521 causa,
1150 485 1230 512 non

102 535 262 572 amant3
294 526 464 575 tertium,
481 526 550 577 qui
567 525 861 577 competitorum
873 526 983 564 valde
997 527 1111 565 amici
1125 534 1233 566 sunt·

103 581 214 629 Quos
231 580 377 627 laesisti,
399 593 488 618 cum
508 588 638 618 contra
665 592 728 618 eos
755 593 824 631 pro
849 580 972 618 amico
991 581 1146 630 diceres,
1166 581 1228 620 his

103 643 141 674 te
158 636 274 688 plane
291 642 482 686 purgato.
514 634 808 673 necessitudines
835 642 1155 674 commemorato.
1186 637 1228 674 in

104 703 213 742 spem
227 689 434 727 adducito.
452 696 502 735 te,
523 688 565 725 in
579 701 711 726 eorum
725 689 852 734 rebus,
866 687 899 726 si
913 701 951 726 se
962 689 1003 726 in
1018 690 1228 728 amicitiam

104 743 347 791 contulerint,
363 742 448 804 pari
473 742 599 781 studio
613 749 729 793 atque
755 742 878 780 officio
900 742 1092 790 futurum,
1113 756 1230 795 spon-

104 798 204 836 deto.
235 796 331 845 Qui,
353 797 433 835 sine
452 810 577 844 causa,
598 809 676 834 non
691 803 836 843 amant,
863 809 926 834 eos
945 804 1012 834 aut
1029 798 1228 846 beneficio,

104 859 173 890 aut
192 865 271 903 spe,
292 858 359 889 aut
378 850 626 902 significando
646 858 712 888 tua
731 863 820 900 erga
837 850 924 888 illos
939 851 1065 889 studia
1083 851 1230 901 futura,

106 906 286 952 delenito,
303 905 398 943 dans
412 917 582 957 operam,
602 912 647 942 ut
665 904 713 942 de
734 904 803 942 illa
821 904 940 942 animi
958 905 1144 956 pravitate
1162 906 1230 945 de-

105 959 234 999 ducas.
263 959 446 1021 Quorum
461 959 637 998 voluntas
656 958 726 996 erit
745 959 812 996 abs
831 965 882 1005 te,
902 966 1058 1010 propter
1077 972 1231 1013 compe.

105 1015 266 1053 titorum
285 1013 484 1062 amicitias,
505 1013 676 1059 alienior,
696 1012 756 1050 his
784 1025 939 1064 quoque
958 1013 1122 1051 eadem
1111 1027 1232 1054 mser-

105 1069 185 1107 vito
209 1068 368 1130 ratione,
398 1068 477 1119 qua
502 1067 786 1118 superioribus:
818 1073 855 1105 et
876 1066 927 1118 (si
944 1068 1106 1119 probare
1123 1077 1232 1120 pote-

106 1121 177 1173 ris)
189 1130 226 1162 te
240 1123 281 1160 in
292 1135 354 1161 eos
369 1123 470 1174 ipsos
482 1120 745 1173 competitores
760 1128 845 1159 tuos
858 1122 1043 1160 benevolo
1059 1134 1138 1162 esse
1152 1123 1236 1162 ani·

112 1189 194 1225 mo,
216 1176 414 1216 ostendito.

161 1232 241 1270 ΧΙ.
272 1230 471 1279 Quoniam
491 1229 538 1268 de
557 1229 733 1268 amicitiis
752 1229 1060 1269 constituendis
1044 1231 1134 1271 satis
1152 1230 1233 1272 dico

108 1293 195 1324 tum
214 1292 284 1331 est,
305 1285 512 1323 dicendum
526 1284 573 1322 de
586 1284 655 1322 1113
669 1284 788 1322 altera
803 1291 911 1334 parte
924 1285 1130 1336 petitionis,
1146 1299 1236 1338 quae

107 1340 149 1378 in
167 1339 345 1392 populari
363 1339 508 1377 ratione
526 1346 708 1377 versatur.
738 1338 800 1375 Ea
813 1337 999 1377 desiderat
1013 1341 1235 1379 nomencla-

109 1394 268 1443 tionem,
288 1393 530 1438 blanditiam,
551 1392 826 1439 assiduitatem,
857 1392 1148 1444 benignitatem,
1168 1407 1235 1433 ru-

108 1461 271 1497 morem,
291 1461 400 1499 spem
417 1447 459 1484 in
478 1460 518 1484 re
536 1446 703 1498 publica.
735 1446 929 1494 Primum,
949 1447 1010 1485 fac
1037 1448 1110 1500 (id,
1130 1448 1236 1501 quod

108 1503 217 1551 facis)
248 1510 294 1541 ut
317 1501 492 1540 homines
517 1500 647 1538 noris:
681 1500 867 1551 significa,
888 1507 932 1538 ut
959 1510 1167 1553 appareat.
1197 1510 1237 1542 et

110 1570 223 1609 auge,
242 1564 289 1595 ut
305 1555 476 1608 quotidie
493 1555 632 1593 melius
651 1555 729 1592 fiat.
759 1554 874 1592 Nihil
891 1554 989 1593 mihi
1007 1562 1089 1594 tam
1107 1570 1235 1609 popu·

110 1611 190 1650 lare
217 1623 343 1662 neque
370 1616 451 1648 tam
476 1616 631 1661 gratum
649 1608 811 1647 videtur.
850 1608 1003 1647 Deinde
1028 1609 1103 1661 (id,
1131 1611 1237 1663 quod

111 1663 249 1704 natura
267 1677 346 1703 non
362 1664 498 1711 habes)
514 1662 654 1701 induc
644 1675 685 1701 111
699 1662 889 1710 animum,
904 1664 958 1701 ita
973 1663 1238 1704 simulandum

114 1732 210 1768 esse,
230 1726 276 1758 ut
293 1716 430 1757 natura
446 1718 569 1756 facere
586 1717 746 1756 videare.
777 1717 820 1755 N
821 1729 885 1755 am
897 1717 1054 1757 comitas
1072 1719 1142 1758 tibi
1159 1731 1240 1759 non

113 1773 218 1813 deest
238 1786 296 1822 ea,
317 1786 405 1825 quae
421 1774 523 1811 bono
550 1784 595 1810 ac
622 1772 730 1810 suavi
747 1771 905 1810 homine
922 1771 1040 1834 digna
1059 1780 1126 1812 est.
1164 1772 1242 1813 Sed

115 1841 212 1880 opus
231 1836 289 1866 est
305 1839 539 1878 magnopere
556 1825 772 1871 blanditia;
811 1839 912 1877 quae,
934 1826 1082 1865 etiamsi
1106 1827 1242 1867 vitiosa

116 1889 174 1921 est
191 1889 229 1921 et
247 1881 369 1933 turpis
386 1881 427 1918 in
446 1878 580 1919 caetera
593 1880 687 1929 vita,
706 1887 836 1918 tamen
847 1880 889 1917 in
900 1880 1082 1931 petitione
1101 1888 1158 1920 est
1174 1894 1243 1920 ne-

116 1935 289 1976 cessaria.
319 1935 435 1974 Tunc
453 1934 571 1982 enim,
592 1946 682 1972 cum
695 1933 919 1972 deteriorem
931 1934 1100 1986 aliquem
1114 1948 1244 1975 assen-

118 1990 236 2030 tando
252 1990 359 2037 facit,
379 1989 555 2041 improba
574 1996 655 2034 θεῖς
684 2001 774 2027 curn
803 1988 1037 2036 amiciorem,
1057 2001 1136 2028 non
1160 1997 1244 2029 tam

119 2045 396 2096 vituperanda:
434 2042 588 2095 petitori
615 2055 703 2081 vero
729 2042 938 2081 necessaria
967 2050 1038 2091 est,
1068 2044 1179 2094 cujus
1207 2050 1246 2083 et

119 2099 238 2143 frons,
271 2106 309 2137 et
325 2098 471 2146 vultus,
500 2105 539 2136 et
562 2109 699 2145 sermo,
724 2096 773 2134 ad
799 2109 947 2144 eorum,
981 2109 1247 2150 quoscumque

120 2152 351 2201 convenerit,
373 2164 527 2191 sensum
547 2158 585 2190 et
602 2152 839 2190 voluntatem
858 2150 1153 2191 commutandus
1172 2158 1244 2191 aet.

122 2207 152 2245 J
153 2220 218 2246 am
237 2206 468 2247 assiduitatis
485 2205 639 2244 nullum
654 2213 710 2244 est
723 2212 959 2258 praeceptum
976 2220 987 2243 ε
1008 2207 1247 2258 verbumque
