1467 2401
170 100 223 139 64
382 103 461 142 AD
490 101 773 143 ATTICUM.
803 103 904 142 LIB.
933 102 987 142 X.
1022 102 1082 141 15.

170 208 219 247 ad
239 216 275 248 te
290 211 426 258 scribo,
447 213 527 251 sine
539 212 621 251 ulla
633 212 804 265 lacryma
822 219 900 259 est3
921 211 986 250 sed
1008 209 1147 263 saepius
1164 208 1295 249 odiosa
1341 201 1353 205 *⁴

170 271 227 301 est
244 272 399 316 propter
417 266 577 317 vigilias.

230 318 510 368 Quamobrem,
537 320 728 373 quidquid
763 321 880 360 habes
912 320 963 359 ad
992 319 1286 367 consolandum,

167 371 303 423 collige
318 387 331 419 ς
362 381 400 412 et
417 373 484 412 illa
503 376 635 424 scribe,
655 387 732 414 non
758 388 807 413 ex
825 374 1011 423 doctrina,
1031 386 1157 425 neque
1175 386 1224 412 ex
1240 373 1292 411 li-

168 426 247 464 bris
263 441 274 464 ε
304 439 396 466 nam
414 428 455 465 id
473 429 626 480 quidem
649 429 754 467 domi
772 436 827 467 est
843 442 855 474 3
886 429 952 467 sed
970 428 1096 466 nescio
1114 440 1192 479 quo
1206 440 1296 466 mo·-

170 479 221 518 do
234 480 460 520 imbecillior
478 490 535 520 est
552 483 754 529 medicina,
775 496 893 535 quam
912 484 1093 521 morbus:
1123 482 1206 520 haec
1223 494 1293 533 po-

169 533 245 582 tius
265 535 459 584 conquire,
487 537 534 574 de
555 537 768 588 Hispaniis,
796 537 843 576 de
869 536 1071 575 Massilia:
1102 548 1191 587 quae
1208 536 1297 587 qui-

170 587 260 626 dem
279 590 368 628 satis
395 590 498 629 bella
517 591 670 629 Servius
689 591 797 630 affert
813 604 825 636 ;
856 591 924 642 qui
943 591 1059 628 etiam
1078 589 1127 627 de
1145 589 1297 628 duabus

171 642 386 693 legionibus
404 644 616 683 luculentos
628 653 798 684 auctores
817 658 897 683 esse
915 644 1075 683 dicebat.
1106 644 1205 682 Haec
1223 644 1297 694 igi-

172 703 236 734 tur
255 697 286 735 si
303 697 474 747 habebis,
496 708 534 737 et
551 700 668 738 talia:
700 707 736 737 et
750 698 907 750 quidem
925 699 1057 750 paucis
1075 697 1211 737 diebus
1229 698 1299 736 ali-

173 751 268 802 quid
287 752 412 790 audiri
430 765 580 791 necesse
598 762 665 792 est.
696 753 772 792 Sed
790 752 900 791 redeo
918 753 968 790 ad
986 752 1176 792 Servium.

228 804 464 845 Distulimus
483 806 653 846 omnino⁴
671 819 886 846 sermonem
907 806 948 844 in
979 814 1201 858 posterum:
1231 806 1298 845 sed

173 859 304 898 tardus
318 860 367 898 ad
381 860 601 899 exeundum
616 877 626 899 z
660 861 785 900 multo
805 874 843 899 se
861 860 901 898 in
921 873 992 899 suo
1005 861 1147 899 lectulo
1164 861 1296 909 malle,

174 913 366 965 quidquid
394 914 502 953 foret.
551 914 719 954 Odiosus
752 914 955 965 scrupulus
984 914 1032 952 de
1063 913 1135 953 filii
1159 913 1301 952 militia

176 967 425 1006 Brundisina.
466 969 602 1007 Unum
628 969 728 1006 illud
754 968 971 1006 firmissime
998 969 1248 1015 asseverabat,
1268 968 1302 1006 si

175 1021 349 1059 damnati
377 1022 676 1067 restituerentur,
703 1023 744 1060 in
769 1022 949 1061 exsilium
972 1035 1010 1060 se
1027 1022 1188 1063 iturum.
1215 1022 1302 1061 Nos

174 1082 307 1113 autem
325 1075 374 1114 ad
392 1076 473 1115 haec
490 1091 500 1114 τ
532 1083 569 1115 et
586 1077 628 1115 id
645 1077 775 1129 ipsum
800 1083 902 1115 certo
919 1076 1014 1125 fore,
1038 1083 1090 1125 et,
1110 1089 1198 1128 quae
1216 1076 1301 1125 jam

175 1128 284 1177 fiant,
305 1142 383 1168 non
398 1143 476 1169 esse
489 1131 655 1177 leviora3
685 1131 886 1182 multaque
905 1130 1191 1181 colligebamus.
1220 1130 1305 1169 Ve-

176 1196 265 1221 rum
294 1197 339 1222 ea
356 1195 433 1222 non
452 1185 628 1223 animum
658 1186 741 1234 ejus
770 1185 975 1235 augebant,
1006 1184 1071 1222 sed
1096 1184 1301 1230 timorem,

177 1244 222 1274 ut
237 1238 320 1287 jam
339 1239 519 1277 celandus
537 1239 661 1290 magis
688 1239 737 1277 de
762 1247 890 1277 nostro
909 1237 1079 1287 consilio,
1106 1250 1225 1290 quam
1253 1237 1305 1276 ad

177 1290 296 1340 idem,
310 1292 512 1331 videretur.
534 1292 679 1341 Quare,
693 1293 734 1331 in
745 1293 818 1331 hoc
829 1304 906 1330 non
919 1292 1091 1330 multum
1107 1299 1175 1332 est.
1202 1292 1303 1343 Nos,

178 1357 203 1383 a
221 1352 259 1384 te
276 1345 478 1397 admoniti,
499 1347 546 1386 de
567 1346 689 1387 Coelio
708 1345 973 1399 cogitabimus.

401 1511 517 1559 (15.)
548 1509 765 1551 CICERO
792 1508 1011 1549 ATTICO
1041 1509 1083 1549 S.

235 1617 390 1658 Servius
406 1631 494 1657 cum
514 1627 609 1658 esset
627 1619 732 1671 apud
749 1631 828 1666 me,
846 1617 1037 1670 Cephalio
1056 1630 1146 1657 cum
1163 1617 1240 1657 tuis
1257 1618 1309 1657 li-

181 1672 272 1711 teris
292 1673 357 1711 VI
373 1672 468 1711 Idus
480 1673 583 1712 venit
599 1687 610 1719 3
643 1687 730 1725 quae
746 1672 856 1711 nobis
873 1685 1058 1723 magnam
1077 1685 1183 1724 spem
1203 1679 1307 1711 attu-

180 1727 308 1765 lerunt
326 1727 530 1765 meliorum
548 1741 677 1766 rerum
697 1727 745 1766 de
769 1734 853 1766 octo
867 1727 1089 1765 cohortibus
1105 1741 1116 1764 z
1147 1727 1308 1770 (etenim

181 1779 244 1819 hae
261 1794 428 1832 quoque,
451 1795 538 1832 quae
555 1782 596 1819 in
621 1781 682 1820 his
709 1781 802 1819 locis
824 1789 929 1828 sunt,
949 1781 1078 1819 labare
1095 1780 1308 1828 dicuntur.)

183 1834 335 1873 Eodem
349 1835 411 1873 die
430 1835 692 1874 Funisulanus
711 1849 734 1873 a
752 1842 790 1873 te
804 1835 934 1883 attulit
950 1834 1094 1883 literas,
1109 1834 1150 1872 in
1165 1835 1311 1886 quibus

183 1896 264 1927 erat
292 1889 551 1928 confirmatius
573 1889 677 1928 idem
702 1888 812 1927 illud.
853 1888 906 1927 Ei
924 1888 972 1926 de
991 1901 1060 1927 suo
1077 1889 1231 1939 negotio
1248 1901 1311 1927 re·

183 1942 319 1994 spondi
338 1944 547 1991 cumulate,
576 1956 665 1982 cum
685 1942 792 1982 omni
810 1943 881 1981 tua
904 1942 1040 1994 gratia.
1068 1942 1214 1981 Adhuc
1232 1954 1310 1981 non

183 1997 454 2036 satisfaciebat:
478 1997 589 2035 debet
602 2005 732 2035 autem
746 1997 845 2035 mihi
855 1997 1000 2034 multos
1014 2009 1221 2043 nummos3
1241 2009 1312 2036 nec

184 2050 348 2090 habetur
360 2051 543 2102 locuples.
573 2050 713 2100 [Nunc
724 2051 777 2089 ait
792 2064 830 2089 se
845 2050 1053 2088 daturum:
1085 2050 1148 2089 cui
1168 2063 1312 2102 expen-

183 2118 271 2143 sum
283 2105 428 2153 tulerit,
449 2105 615 2144 morari:
637 2105 858 2147 tabellariis,
879 2104 911 2142 si
922 2104 1027 2156 apud
1041 2111 1079 2143 te
1097 2110 1207 2151 esset,
1220 2117 1311 2143 cum

183 2159 440 2208 satisfecisset,
469 2159 612 2211 darem]
654 2158 862 2207 Quantum
889 2158 952 2206 sit,
981 2158 1082 2198 Eros
1108 2158 1311 2198 Philotimi

185 2213 256 2253 tibi
275 2213 388 2253 dicet.
418 2212 494 2253 Sed
512 2213 561 2252 ad
579 2213 728 2264 majora
745 2212 958 2252 redeamus.

1442 1360 1453 1401 χρ
1466 1353 1467 1357 ,
