1477 2365
256 103 301 139 16
452 102 534 141 AD
562 103 846 144 ATTICUM.
878 103 977 141 Lm.
1010 103 1086 142 lx.
1115 105 1152 142 9.

249 221 375 247 meam
401 218 625 261 potestatem
646 219 842 259 venerunt,
867 220 904 250 et
929 225 952 250 a
977 223 1039 248 me
1058 210 1281 249 missisunt.
1312 208 1354 247 Si

248 262 376 301 volent
408 265 505 314 grati
535 277 626 310 esse,
652 265 846 304 debebunt
871 264 1100 316 Pompeium
1130 261 1284 308 hortari,
1312 269 1356 299 ut

248 317 358 354 malit
377 318 472 355 mihi
491 331 568 355 esse
589 319 746 365 amicus,
768 332 885 370 quam
904 319 963 356 his
981 318 1048 368 qui
1077 324 1113 355 et
1132 317 1188 354 illi
1207 323 1244 354 et
1262 315 1357 352 mihi

249 382 398 421 semper
415 371 570 409 fuerunt
585 371 836 410 inimicissimi
851 387 860 410 :
892 384 1057 423 quorum
1071 370 1236 408 artificiis
1250 368 1359 407 effec-

248 431 332 461 tum
352 431 421 473 est,
438 433 481 463 ut
496 425 706 476 respublica
724 426 762 463 in
782 425 884 464 hunc
903 433 1046 464 statum
1063 422 1313 475 perveniret.''

488 585 577 635 (8.)
607 585 816 625 CICERO
845 585 1066 626 ATTICO
1094 584 1133 624 S.

255 706 258 709 ⁴
303 691 549 731 Coenantibus
574 693 698 744 pridie
728 693 821 731 Idus
840 693 964 741 nobis,
985 706 1028 731 ac
1053 699 1167 730 noctu
1187 690 1358 743 quidem,

249 746 392 784 Statius
420 760 443 783 a
462 753 498 784 te
524 747 721 797 epistolam
743 748 895 784 brevem
926 746 1065 784 attulit.
1098 746 1162 784 De
1191 745 1238 783 L.
1257 745 1359 782 Tor-

249 807 366 849 quato
396 800 498 850 quod
530 800 681 850 quaeris,
713 812 789 837 non
818 800 933 838 modo
961 800 1121 848 Lucius,
1151 798 1215 838 sed
1244 799 1355 836 etiam

248 852 392 900 Aulus,
419 853 608 903 profectus
628 860 706 898 est;
736 854 830 890 alter
858 853 1007 891 multos
1019 853 1110 891 dies.
1143 853 1207 890 De
1226 851 1360 890 Reati-

248 917 387 943 norum
413 906 551 944 corona
582 907 686 958 quod
719 907 863 953 scribis,
901 907 1057 944 moleste
1089 907 1169 944 fero
1197 906 1238 943 in
1270 917 1362 955 agro

247 959 389 997 Sabino
408 967 617 997 sementem
633 960 713 997 fieri
727 960 1018 1010 proscriptionis.
1047 961 1244 998 Senatores
1257 958 1360 996 mul-

246 1019 304 1050 tos
336 1026 415 1050 esse
444 1013 595 1060 Romae,
628 1025 696 1050 nos
729 1026 883 1064 quoque
915 1012 1168 1051 audieramus.
1203 1010 1358 1064 Ecquid

245 1072 350 1115 potes
381 1065 516 1114 dicere,
544 1079 610 1104 cur
643 1066 833 1104 exierint?
863 1066 912 1104 In
935 1066 994 1104 his
1015 1066 1106 1105 locis
1128 1065 1256 1118 opinio
1285 1071 1355 1112 est,

244 1119 461 1168 conjectura
478 1120 615 1170 magis,
636 1133 754 1171 quam
774 1120 909 1157 nuntio
934 1127 1001 1157 aut
1017 1120 1150 1168 literis,
1171 1119 1360 1158 Caesarem

245 1172 409 1210 Formiis
442 1187 475 1210 a.
496 1173 535 1210 d.
571 1173 636 1210 XI
667 1173 824 1211 Calend.
855 1173 1013 1223 Apriles
1040 1174 1133 1212 fore.
1179 1173 1260 1211 Hic
1287 1184 1358 1223 ego

246 1225 382 1263 vellem
407 1225 547 1264 habere
573 1227 736 1265 Homeri
758 1227 866 1264 issam
888 1226 1109 1265 Minervam
1139 1227 1358 1265 simulatam

245 1279 429 1329 Mentori,
452 1280 513 1317 cui
532 1280 709 1330 dicerem,

246 1373 403 1418 Μεντορ,
424 1383 504 1411 πως
523 1369 554 1405 τ’
577 1369 629 1419 αρ’
650 1386 705 1418 ιω,
722 1385 800 1412 πως
812 1369 844 1406 τ’
867 1385 909 1420 αρ
923 1370 1202 1420 προσπτυξομαι
1222 1383 1324 1406 αυτον
1339 1383 1356 1415 ,-

247 1439 413 1478 Nullam
431 1454 512 1479 rem
532 1454 705 1493 unquam
724 1442 974 1481 difficiliorem
998 1442 1182 1494 cogitavi:
1213 1442 1279 1481 sed
1296 1454 1360 1480 co-

243 1493 323 1543 gito
351 1501 506 1540 tamen3
537 1507 606 1533 nec
632 1509 694 1534 ero
727 1497 789 1547 (ut
811 1496 852 1533 in
877 1495 1006 1546 malis)
1030 1497 1253 1548 imparatus.
1283 1495 1358 1534 Sed

243 1559 333 1585 cura
352 1555 396 1586 ut
414 1549 551 1587 valeas.
583 1549 684 1587 Puto
703 1550 820 1598 enim,
841 1549 944 1589 diem
962 1557 1075 1588 tuum
1092 1550 1174 1588 heri
1191 1549 1321 1588 fuisse.

472 1710 560 1760 (9.)
591 1711 803 1751 cmERo
830 1711 1054 1752 ATTICO
1082 1713 1123 1752 s.

296 1817 394 1855 Tres
425 1819 600 1870 epistolas
630 1826 715 1858 tuas
739 1819 866 1871 accepi
895 1820 1075 1872 postridie
1100 1819 1220 1858 Idus:
1250 1825 1357 1858 erant

240 1878 370 1908 autem
386 1871 463 1919 IV,
486 1873 571 1918 III,
590 1873 711 1924 pridie
731 1874 839 1919 Idus,
861 1874 983 1914 datae:
1004 1874 1122 1926 igitur
1139 1873 1357 1925 antiquissi-

241 1936 316 1962 mae
334 1924 471 1976 cuique
488 1926 657 1976 primurn
678 1927 923 1978 respondebo.
952 1927 1132 1966 Assentio
1151 1926 1234 1973 tibi,
1253 1934 1298 1964 ut
1314 1927 1355 1964 in

241 1977 447 2015 Formiano
474 1979 717 2029 potissimum
743 1980 978 2019 commorer:
1004 1981 1124 2019 etiam
1142 1980 1190 2018 de
1209 1981 1356 2032 Supero

240 2030 371 2069 Mari:
402 2033 642 2084 palpaboque
666 2037 727 2077 (ut
754 2041 865 2072 antea
895 2035 944 2073 ad
974 2042 1012 2073 te
1031 2033 1195 2085 scripsi),
1215 2046 1357 2085 ecquo·-

238 2097 330 2122 nam
358 2086 475 2124 modo
502 2087 660 2137 possim,
691 2088 885 2126 voluntate
910 2089 1010 2138 ejus,
1036 2088 1185 2126 nullam
1208 2087 1262 2126 rei
1280 2101 1354 2139 pu·

238 2138 346 2176 blieae
364 2146 512 2189 partem
531 2140 726 2191 attingere.

254 2214 259 2216 -
290 2191 408 2240 Quod
432 2193 579 2242 laudas,
600 2194 691 2245 quia
716 2195 886 2235 oblivisci
906 2209 969 2235 me
988 2195 1129 2248 scripsi·
1144 2203 1235 2234 ante
1251 2195 1356 2233 facta
