1487 2432
344 108 429 148 AD
455 109 743 148 ATTICUM.
774 109 874 147 Lm.
895 109 972 148 IX.
1004 111 1041 153 7.
1199 109 1242 146 11

361 219 446 265 (7.)
478 216 692 258 CICERO
720 216 943 256 ATTICO
973 217 1012 256 S.

180 322 414 375 Scripseram
451 325 501 363 ad
538 333 576 364 te
611 326 827 377 epistolam,
862 338 980 377 quam
1018 324 1149 363 darem
1184 324 1249 363 IV

129 376 249 415 Idus:
281 379 345 416 sed
367 391 410 416 eo
429 379 547 427 dieis,
569 380 631 418 cui
649 380 739 418 dare
759 380 969 426 volueram,
989 391 1067 417 non
1087 387 1143 417 est
1161 392 1252 430 pro-

126 429 260 469 fectus.
291 432 410 470 Venit
430 441 559 471 autem
579 447 623 471 eo
641 434 723 485 ipso
743 433 803 471 die
823 434 888 471 ille
914 433 1105 483 celeripes,
1134 446 1248 485 quem

127 483 280 523 Salvius
301 486 473 525 dixerat:
505 487 634 525 attulit
657 488 869 525 uberrimas
897 494 983 524 tuas
1001 487 1142 534 literas,
1163 500 1255 539 quae

127 537 225 576 mihi
255 540 440 591 quiddam
471 541 580 592 quasi
606 541 788 580 animulae
816 541 1079 579 restillarunt:
1110 554 1255 580 recrea-

126 598 214 630 tum
233 593 336 632 enim
355 607 419 633 me
438 607 516 633 non
535 608 634 647 queo
654 596 790 634 dicere.
816 595 892 634 Sed
911 595 1024 646 plane
1044 609 1085 631 το
1108 610 1251 647 cru-2220,

125 645 294 685 effecisti.
319 647 407 699 Ego
426 649 530 687 enim
548 662 625 687 non
653 650 736 699 jam
762 649 803 687 id
834 662 906 700 ago
927 649 1041 692 (mihi
1060 648 1187 698 crede)
1208 657 1253 688 ut

126 712 326 752 prosperos
346 703 471 741 exitus
486 716 719 756 consequar:
752 704 804 742 sic
819 704 921 742 enim
937 703 1060 750 video,
1074 716 1143 741 nec
1155 704 1252 741 duo-

126 754 200 793 bus
218 755 279 794 his
307 757 416 805 vivis,
437 770 507 796 nec
531 757 604 796 hoc
627 770 719 806 uno,
747 770 816 796 nos
846 770 1021 808 unquam
1039 758 1252 808 rempubli-

126 819 213 846 cam
231 809 441 849 habituros.
472 812 535 849 Ita
564 824 689 863 neque
709 812 755 850 de
774 811 851 850 otio
871 819 998 849 nostro
1017 824 1126 862 spero
1153 813 1252 860 jam,

126 873 197 900 nec
213 864 336 902 ullam
355 865 599 904 acerbitatem
618 879 760 904 recuso.
791 866 927 904 Unum
957 865 1056 902 illud
1074 866 1255 904 extimes-

126 917 275 966 cebam,
306 931 356 957 ne
385 919 481 971 quid
505 919 668 971 turpiter
696 920 874 968 facerem,
900 920 976 966 vel,
1004 918 1143 967 dicam,
1168 921 1252 969 jam

127 970 346 1011 effecissem.

183 1024 247 1063 Sic
265 1039 354 1078 ergo
372 1027 524 1075 habeto,
546 1028 729 1067 salutares
754 1036 791 1066 te
809 1028 907 1066 mihi
931 1028 1058 1066 literas
1076 1028 1222 1067 misisse
1240 1043 1251 1066 τ

128 1091 254 1130 neque
272 1082 398 1119 solum
422 1081 491 1119 has
515 1082 717 1133 longiores,
747 1082 889 1134 quibus
912 1083 1011 1120 nihil
1028 1090 1152 1133 potest
1174 1095 1253 1120 oese

126 1132 366 1184 explicatius,
394 1136 492 1173 nihil
511 1136 714 1187 perfectius
731 1150 742 1181 3
773 1135 840 1174 sed
859 1136 974 1174 etiam
999 1137 1085 1174 illas
1103 1136 1253 1175 brevio-

124 1199 200 1230 reS,
220 1187 261 1225 in
285 1189 426 1240 quibus
450 1189 522 1228 hoc
547 1190 645 1227 mihi
671 1190 996 1240 jucundissimum
1021 1190 1109 1237 fuit,
1131 1189 1254 1229 consi-

125 1241 224 1279 lium
253 1241 477 1295 fact-umque
502 1251 678 1282 nostrum
698 1257 721 1282 a
741 1245 858 1283 Sexto
882 1244 1063 1295 probari:
1095 1257 1251 1296 pergra-

126 1301 291 1347 tumque
320 1297 417 1335 mihi
447 1305 490 1336 tu
520 1298 655 1345 fecisti,
683 1311 706 1336 a
734 1311 811 1349 quo
837 1298 946 1349 diligi
970 1311 1048 1345 me,
1073 1307 1123 1345 et,
1156 1298 1252 1349 quid

124 1355 274 1387 rectum
292 1351 354 1397 sit,
374 1350 552 1398 intellioi,
582 1352 669 1389 scio.
700 1352 871 1403 Longior
891 1365 977 1390 vero
998 1359 1065 1390 tua
1094 1353 1252 1403 epistola

125 1414 204 1441 non
221 1416 286 1442 me
304 1404 445 1454 solum,
462 1405 527 1444 sed
545 1418 651 1443 meos
676 1418 824 1452 omnes,
846 1406 1072 1457 aegritudine
1095 1406 1249 1444 levavit.

128 1457 268 1509 Itaque
287 1466 374 1496 utar
392 1467 459 1497 tuo
478 1459 649 1507 consilio,
663 1467 701 1498 et
719 1473 782 1498 ero
797 1460 837 1497 in
857 1460 1064 1498 Formiano
1078 1471 1099 1505 ς·
1121 1473 1169 1499 ne
1185 1468 1252 1498 aut

128 1511 178 1549 ad
202 1512 353 1551 Urbem
380 1529 521 1556 nez-:mn
531 1529 588 1556 σις
612 1526 699 1551 mea
721 1514 1074 1560 animadvertatur3
1105 1522 1186 1561 aut,
1219 1515 1252 1552 si

128 1577 198 1604 nec
226 1565 291 1605 hic
320 1579 390 1606 nec
419 1567 498 1605 illic
527 1580 617 1605 eum
647 1567 791 1616 videro,
823 1568 1036 1607 devitatum
1065 1581 1105 1607 se
1136 1582 1160 1607 a
1189 1581 1253 1607 me

125 1627 248 1671 putet.

183 1673 303 1722 Quod
332 1682 463 1713 autem
494 1675 644 1723 suades,
676 1684 721 1715 ut
750 1678 799 1715 ab
829 1689 873 1715 eo
905 1684 1049 1728 petam,
1080 1683 1126 1715 ut
1154 1676 1253 1714 mihi

129 1728 325 1777 concedat,
345 1736 391 1767 ut
418 1730 521 1767 idem
551 1730 720 1768 tribuam
748 1731 948 1781 Pompeio,
969 1731 1074 1782 quod
1092 1730 1165 1782 ipsi
1184 1731 1253 1769 tri-

129 1782 306 1829 buerim3
335 1782 378 1821 id
395 1796 459 1821 me
474 1784 558 1833 jam
576 1783 726 1834 pridem
740 1797 851 1835 agere
869 1785 1059 1836 intelliges
1078 1793 1115 1823 et
1133 1785 1253 1824 literis

129 1835 248 1875 Balbi
277 1843 316 1875 et
337 1837 488 1889 Oppii;
519 1850 684 1889 quarum
715 1839 894 1890 exempla
921 1839 993 1877 tibi
1021 1838 1121 1877 misi.
1152 1839 1251 1877 Misi

130 1889 247 1928 etiam
266 1890 425 1930 Caesaris
444 1891 494 1929 ad
510 1904 588 1939 eos,
620 1891 716 1930 sanfa
732 1900 862 1931 mente
881 1893 1050 1944 scriptas,
1071 1906 1149 1945 quo
1166 1905 1252 1931 mo-

129 1943 180 1982 do
197 1944 239 1982 in
257 1945 366 1984 tant&⁴
382 1945 544 1984 insania.
574 1946 643 1985 Sin
660 1946 759 1984 mihi
787 1947 915 1985 Caesar
933 1947 1005 1986 hoc
1023 1960 1101 1985 non
1119 1959 1253 1985 conce-

129 1997 221 2044 dat3
251 1999 361 2038 video
389 2000 460 2038 tibi
478 2001 626 2051 placere
644 1999 756 2047 illud,
776 2013 840 2039 me
863 2009 1064 2048 πολιτευμα
1090 2000 1137 2039 de
1155 2013 1250 2052 pace

128 2052 345 2104 suscipere3
373 2053 416 2091 in
445 2067 523 2105 quo
551 2066 630 2092 non
661 2055 865 2093 extimesco
889 2055 1115 2106 periculum.
1146 2055 1251 2093 Cum

129 2106 234 2144 enim
253 2113 309 2145 tot
326 2107 588 2159 impendeant,
605 2121 672 2147 cur
689 2121 767 2147 non
780 2109 1046 2148 honestissimo
1063 2108 1250 2160 depacisci

129 2159 245 2199 velim
259 2162 278 2200 ἓ
307 2161 383 2201 Sed
413 2174 556 2210 vereor,
577 2174 627 2202 ne
655 2163 842 2216 Pompeio
860 2163 955 2217 quid
973 2163 1098 2202 oneris
1121 2163 1248 2214 impo-

127 2224 245 2258 nam;
