1477 2365
333 61 418 100 AD
444 60 732 100 ATTICUM.
762 61 861 99 Lm.
884 61 960 99 IX.
990 63 1029 100 9.
1186 63 1231 107 17

113 179 152 211 et
169 170 306 209 delicta
324 169 442 208 nostri
461 168 600 215 amici3
632 181 661 206 c‹
653 181 702 219 go
732 181 819 207 vero
845 169 898 207 ita
917 168 1026 206 facio.
1056 167 1165 216 Quin
1186 183 1231 208 ea

113 226 209 276 ipsa,
229 237 316 276 quae
345 237 368 262 a
386 230 423 261 te
452 231 813 265 commemorantur
845 235 951 260 secus
971 223 1019 260 ab
1039 235 1082 260 eo
1108 222 1147 259 in
1166 236 1230 261 me

113 279 239 330 ipsum
259 277 358 316 facta
377 289 470 324 esse,
491 289 568 314 non
590 276 774 314 memini.
807 284 912 314 tanto
937 276 1025 326 plus
1045 276 1148 326 apud
1167 289 1231 315 me

113 333 237 370 valere
250 330 422 370 beneficii
435 330 613 381 gratiam,
631 343 747 381 quam
768 343 804 367 1n
806 343 919 379 Juriae
931 329 1115 377 dolorem,
1130 330 1229 368 volo.

114 385 318 424 Faciamus
353 384 485 435 igitur,
530 391 575 421 ut
611 395 765 427 censes3
807 383 1109 433 colligamusque
1147 396 1230 422 nos.

113 445 322 486 Σοφιστευω
337 437 454 485 enim,
475 437 592 476 simul
610 445 654 475 ut
673 450 736 475 rus
754 436 911 475 decurro
929 450 940 481 ς
971 444 1085 487 atque
1104 436 1144 473 in
1164 437 1230 475 de-

111 505 224 531 cursu
243 494 365 534 &so-515
383 504 487 529 meas
506 491 754 529 commentari
773 502 849 528 non
870 490 1024 528 desino:
1056 489 1120 528 sed
1139 499 1230 529 sunt

110 545 288 597 quaedam
307 557 437 582 earum
457 544 695 596 perdifficiles
714 544 763 582 ad
778 544 1045 593 judicandum.

165 599 228 636 De
254 598 516 650 optimatibus,
544 599 592 636 sit
621 610 712 636 sane
741 598 808 644 ita,
836 605 880 635 ut
912 598 978 636 xis.
1022 597 1098 635 Sed
1127 598 1228 637 nosti

107 652 221 698 illud,
246 658 426 694 Διονυσιος
447 668 478 689 εν
499 655 668 702 Κορινὲῖῳ.
697 651 836 689 Titinii
854 651 956 689 filius
974 651 1079 701 apud
1099 650 1226 690 Caesa-

106 719 188 745 rem
218 712 285 744 est.
316 705 434 752 Quod
461 713 591 743 autem
618 705 728 757 quasi
746 705 865 743 vereri
885 705 1035 752 videris,
1062 717 1111 742 ne
1129 706 1226 744 mihi

107 767 175 798 tua
193 759 348 798 consilia
363 759 589 810 displiceant
604 773 616 805 ;
645 772 709 797 me
723 772 811 797 vero
823 758 921 796 nihil
933 759 1094 797 delectat
1105 759 1226 807 aliud,

105 814 179 852 nisi
198 813 398 851 consilium
418 820 455 851 et
467 813 585 851 literae
603 820 691 851 tuae.
722 813 868 860 Quare,
881 812 941 850 fac
961 816 1022 856 (ut
1040 812 1223 861 ostendis)

107 880 156 906 ne
175 866 359 905 destiteris
378 866 428 904 ad
456 879 533 914 me,
555 866 745 918 quidquid
764 866 834 905 tibi
852 866 893 903 in
920 874 1092 904 mentem
1113 879 1227 904 vene-

106 922 170 969 rit,
191 921 350 959 scribere
366 933 377 958 ε
406 921 504 958 mihi
521 921 619 958 nihil
637 928 761 972 potest
779 934 857 959 esse
875 920 1035 971 gratius.

160 975 287 1014 Venio
317 973 367 1012 ad
396 975 553 1012 alteram
591 987 696 1012 nunc
733 974 943 1025 epistolam.
988 974 1108 1012 Recte
1144 986 1223 1012 non

106 1028 226 1068 credis
244 1028 291 1066 de
309 1040 471 1066 numero
495 1028 676 1066 militum.
708 1028 800 1079 Ipso
818 1028 978 1066 dimidio
996 1029 1085 1079 plus
1105 1028 1224 1079 scrip-

103 1083 153 1123 sit
166 1082 312 1121 Clodia.
342 1081 502 1120 Falsum
519 1082 633 1119 etiam
646 1081 693 1119 de
705 1082 890 1132 corruptis
904 1081 1077 1120 navibus.
1108 1081 1226 1129 Quod

105 1136 278 1174 consules
307 1135 467 1181 laudas;
498 1148 568 1185 ego
604 1148 758 1186 quoque
790 1135 965 1173 animum
994 1135 1125 1183 laudo,
1160 1135 1225 1173 sed

104 1189 307 1228 consilium
326 1189 571 1240 reprehendo.
602 1188 783 1227 Discessu
804 1189 907 1227 enim
932 1190 1104 1236 illorum,
1126 1189 1224 1227 actio

105 1243 154 1282 de
181 1256 274 1295 pace
293 1243 444 1281 sublata
462 1250 544 1288 est;
574 1255 692 1294 quam
718 1241 876 1293 quidem
906 1256 976 1294 ego
995 1242 1223 1281 meditabar.

103 1297 245 1349 Itaque
272 1304 404 1348 postea
432 1296 621 1335 Demetrii
650 1296 795 1335 librum
825 1296 888 1334 De
915 1296 1127 1336 Concordia
1155 1297 1226 1336 tibi

104 1351 248 1399 remisi,
268 1357 305 1389 et
324 1350 534 1388 Philotimo
553 1350 653 1389 dedi.

158 1405 244 1444 Nec
273 1417 361 1443 vero
380 1403 527 1452 dubito,
559 1404 655 1456 quin
674 1403 878 1443 exitiosum
907 1404 1054 1442 bellum
1073 1404 1228 1457 impen-

101 1459 204 1505 deat,
236 1459 346 1508 cujus
369 1458 524 1496 initium
547 1458 707 1496 ducetur
729 1472 752 1496 a
773 1459 889 1497 fame.
918 1459 974 1496 Et
1000 1471 1064 1497 me
1093 1466 1224 1498 tamen

102 1513 213 1551 doleo
240 1525 318 1551 non
345 1512 524 1551 interesse
555 1512 646 1551 huic
677 1513 803 1551 bello!
841 1513 882 1550 in
919 1525 997 1564 quo
1029 1520 1136 1551 tanta
1168 1514 1225 1553 vis

103 1566 250 1605 sceleris
267 1566 399 1604 futura
424 1573 493 1614 est,
512 1573 571 1613 ut,
592 1579 680 1605 cum
698 1573 873 1618 parentes
901 1579 980 1605 non
999 1567 1099 1605 alere
1118 1567 1225 1606 nefa-

101 1620 204 1659 rium
223 1619 284 1668 sit,
304 1619 425 1658 nostri
443 1620 633 1672 principes
651 1620 958 1672 antiquissimam
979 1628 1016 1659 et
1035 1621 1226 1660 sanctissi-

101 1686 209 1713 mam
240 1681 452 1725 parentem‚
483 1675 662 1726 patriam,
696 1674 798 1713 fame
831 1674 1043 1713 necandam
1074 1682 1224 1726 putent.

101 1729 238 1780 Atque
255 1728 328 1766 hoc
352 1741 430 1766 non
449 1727 627 1780 opinione
645 1728 762 1766 timeo
778 1742 790 1774 ς
820 1728 886 1767 sed
904 1728 1060 1767 interfui
1080 1741 1224 1768 sermo-

102 1783 229 1820 nibus.
259 1781 401 1822 Omnis
412 1782 494 1820 haec
506 1782 633 1821 classis
644 1781 898 1830 Alexandria,
916 1782 1083 1830 Colchis,
1097 1782 1220 1834 Tyro,

101 1836 258 1883 Sidone,
287 1835 435 1883 Arado,
463 1835 606 1887 Cypro,
626 1836 875 1888 Pamphylia,
897 1836 1034 1888 Lycia,
1062 1836 1219 1884 Rhodo,

103 1889 216 1938 Chio,
247 1889 452 1941 Byzantio,
480 1889 620 1940 Lesbo,
649 1890 830 1941 Smyrna,
854 1890 1011 1939 Mileto,
1043 1890 1138 1938 Coo,
1170 1889 1220 1929 ad

102 1942 407 1982 intercludendos
436 1951 670 1983 commeatus
691 1943 830 1993 Italiae,
851 1951 889 1983 et
907 1944 957 1982 ad
979 1944 1221 1996 occupandas

100 1996 368 2036 frumentarias
385 1997 612 2049 provincias,
629 2005 884 2048 comparatur.

156 2051 216 2088 At
247 2063 366 2102 quam
391 2051 517 2090 veniet
533 2051 678 2090 iratus!
710 2059 747 2090 et
774 2052 821 2090 iis
850 2051 1006 2104 quidem
1032 2051 1218 2099 maxime,

102 2105 170 2155 qui
189 2116 272 2142 eam
297 2104 467 2143 maxime
487 2105 630 2144 salvam
653 2106 845 2152 volebant,
870 2106 979 2157 quasi
998 2106 1150 2144 relictus
1169 2107 1220 2143 ab

99 2158 160 2208 iis,
191 2171 286 2209 quos
313 2158 476 2210 reliquit.
509 2159 645 2210 Itaque
676 2159 785 2205 mihi,
813 2159 1006 2198 dubitanti
1032 2159 1127 2212 quid
1154 2171 1216 2197 me

870 2225 892 2251 c·
915 2216 940 2251 3
