1498 2401
257 99 340 138 AD
368 99 422 148 Q.
453 96 756 138 FRATREM.
787 98 888 137 Lm.
912 97 995 137 ΙΙΙ.
1021 99 1054 137 1.
1139 98 1218 134 325

91 215 247 257 gratum
265 221 410 261 perque
431 207 651 258 jucundum
677 208 759 246 erit.
790 207 909 255 Quod
928 220 991 245 me
1016 208 1057 245 in
1088 207 1222 246 eadem

93 261 267 312 epistola,
288 263 387 302 sicut
401 275 500 313 saepe
518 270 644 309 antea,
660 262 866 300 cohortaris
885 262 936 299 ad
954 262 1222 310 ambitionem,

94 323 133 353 et
157 317 208 355 ad
226 318 426 363 laborem3
456 315 595 355 faciam
615 316 795 368 equidem
813 331 823 354 z
854 316 922 355 sed
944 316 1101 368 quando
1120 317 1225 356 vive-

96 381 212 410 mus.
204 374 221 399 ⁷³

150 425 304 473 Quarta
331 426 492 478 epistola
509 426 608 464 mihi
626 425 774 464 reddita
794 434 849 465 est
881 426 941 464 Id.
967 428 1072 478 Sept.
1106 440 1227 478 quam

96 492 132 517 a.
166 479 205 518 d.
239 481 304 520 IV
340 481 402 520 Id.
433 481 540 520 Sext.
567 493 616 519 ex
644 481 850 519 Britannia
885 481 1054 519 dederas.
1099 482 1149 520 In
1183 495 1230 520 ea

96 533 196 572 nihil
225 547 317 574 sane
346 542 427 573 erat
459 535 564 583 novi,
604 542 742 587 praeter
771 534 1017 586 Erigonam;
1048 549 1166 594 quam
1199 536 1231 574 si

97 589 147 626 ab
178 588 311 641 Oppio
340 602 579 651 accepero,s
563 590 726 628 scribam
760 589 810 628 ad
841 598 892 638 te,
925 589 1021 640 quid
1054 591 1230 629 sentiam.

99 642 143 681 N
145 656 188 682 ec
205 644 355 692 dubito,
376 645 472 696 quin
496 643 595 682 mihi
613 644 802 696 placitura
820 644 883 682 sit.
915 643 970 681 Et
991 643 1113 695 (quod
1130 658 1231 696 prae-

99 698 201 745 terii)
221 698 269 736 de
287 712 332 737 eo
348 712 466 750 quem
485 698 669 750 scripsisti
687 698 735 737 de
761 698 925 737 Milonis
951 698 1092 750 plausu
1112 700 1233 751 scrip-

99 752 190 791 sisse
219 753 269 791 ad
289 753 509 798 Caesarem;
540 766 610 804 ego
630 766 719 792 vero
743 753 855 792 facile
878 753 1004 804 patior
1021 752 1075 791 ita
1105 753 1234 792 Caesa-

99 819 182 845 rem
202 807 435 856 existimare,
464 808 579 846 illum
599 820 719 859 quam
743 807 965 846 maximum
984 807 1101 846 fuisse
1119 808 1234 859 plau-

99 874 188 899 sum
205 877 215 900 :
247 870 285 901 et
302 875 456 914 prorsus
474 862 529 900 ita
547 862 648 900 fuit:
680 869 717 900 et
735 870 866 900 tamen
885 862 951 900 ille
969 860 1142 913 plausus,
1164 863 1235 914 qui

102 916 160 954 illi
175 916 303 965 datur,
325 916 613 968 quodammodo
632 916 742 955 nobis
761 916 912 955 videtur
932 916 1028 954 dari.

155 970 327 1009 Reddita
345 980 402 1010 est
421 971 538 1010 etiam
556 970 655 1008 mihi
673 978 852 1022 pervetus
871 970 1044 1022 epistola,
1065 971 1131 1010 sed
1151 985 1233 1011 sero

99 1025 230 1071 allata,
251 1025 290 1063 in
312 1026 392 1077 qua
410 1025 458 1064 de
478 1026 558 1064 aede
577 1025 763 1072 Telluris,
795 1032 832 1063 et
850 1025 898 1064 de
916 1025 1065 1076 porticu
1086 1025 1231 1073 Catuli,

100 1093 165 1119 me
184 1079 379 1118 admones.
410 1080 477 1118 Fit
495 1088 707 1131 utrumque
732 1079 959 1130 diligenter:
991 1080 1041 1118 ad
1061 1081 1232 1120 Telluris

100 1134 259 1186 quidem
280 1135 396 1173 etiam
416 1143 526 1173 tuam
553 1143 720 1173 statuam
738 1134 872 1172 locavi.
904 1135 1022 1182 Item,
1044 1135 1092 1173 de
1113 1135 1234 1174 hortis

100 1188 206 1240 quod
225 1202 289 1228 me
307 1189 516 1235 admones3
547 1201 617 1226 nec
635 1188 694 1226 fui
712 1201 888 1240 unquam
907 1189 1019 1227 valde
1038 1189 1201 1241 cupidus
1218 1205 1231 1236 ς

100 1252 138 1282 et
157 1256 261 1282 nunc
280 1243 418 1282 domus
444 1243 663 1295 suppeditat
680 1242 779 1280 mihi
803 1243 1005 1281 hortorum
1035 1245 1234 1283 amoenita-

100 1305 194 1336 tem.
224 1298 397 1337 Romam
415 1311 505 1336 cum
525 1298 713 1336 venissem
734 1310 768 1335 a.
790 1297 828 1335 d.
849 1297 965 1336 XIII
981 1297 1070 1336 Cal.
1091 1298 1233 1338 Octob-

101 1353 325 1391 absolutum
343 1352 486 1391 offendi
513 1352 554 1390 in
574 1351 720 1390 aedibus
745 1351 822 1390 tuis
841 1359 986 1390 tectum
1004 1367 1014 1390 z
1046 1353 1152 1404 quod
1169 1367 1235 1392 su-

101 1421 173 1459 pra
191 1407 387 1446 conclavia
404 1419 483 1445 non
512 1407 708 1458 placuerat
726 1406 798 1444 tibi
827 1419 907 1444 esse
931 1407 1146 1445 multorum
1176 1408 1236 1447 fa-

102 1461 320 1513 stigiorum,
340 1461 381 1500 id
403 1460 549 1514 [nunc]
576 1461 736 1500 honeste
755 1460 878 1513 vergit
895 1461 937 1498 in
962 1469 1108 1500 tectum
1134 1462 1233 1502 infe·

102 1516 212 1555 rioris
231 1516 410 1568 porticus.

159 1571 294 1610 Cicero
312 1579 454 1634 noster,
475 1571 572 1610 dum
591 1585 662 1623 ego
678 1574 832 1619 absum,
852 1584 932 1610 non
951 1573 1109 1612 cessavit
1129 1574 1235 1625 apud

103 1626 308 1665 rhetorem.
337 1625 402 1665 De
416 1627 499 1688 ejus
518 1626 730 1666 eruditione
745 1626 851 1679 quod
863 1626 1029 1675 labores,
1050 1628 1148 1665 nihil
1163 1635 1234 1674 est,

103 1681 290 1743 quoniam
307 1681 510 1742 ingenium
538 1682 622 1731 ejus
640 1681 769 1720 nosti.
801 1680 974 1720 studium
1005 1695 1075 1733 ego
1095 1682 1232 1721 video:

103 1742 240 1775 caetera
257 1736 340 1785 ejus
360 1735 539 1788 suscipio,
555 1744 600 1774 ut
618 1749 682 1774 me
700 1743 836 1788 putem
854 1743 1037 1787 praestare
1025 1715 1207 1776 odebere.

159 1790 214 1829 V.
244 1789 458 1828 Gabinium
478 1797 553 1828 tres
582 1790 708 1829 adhuc
726 1790 909 1829 factiones
929 1791 1152 1842 postulant3
1183 1792 1234 1830 L.

106 1845 314 1892 Lentulus,
335 1844 503 1883 flaminis
532 1845 650 1894 filius,
671 1845 740 1896 qui
761 1846 845 1895 jam
865 1845 912 1883 de
931 1846 1131 1895 majestate
1149 1859 1238 1898 pos-

105 1899 272 1945 tulavit;
302 1898 368 1937 Ti.
399 1899 506 1937 Nero
543 1912 633 1937 cum
665 1899 776 1938 bonis
809 1899 1130 1950 subscriptoribus
1146 1915 1158 1946 ;
1190 1900 1236 1939 C.

106 1953 341 2001 Memmius,
369 1953 549 1992 tribunus
573 1953 712 2005 plebis,
745 1967 834 1992 cum
868 1954 916 1992 L.
941 1953 1142 2005 Capitone.
1173 1955 1241 1994 Ad

107 2009 260 2047 Urbem
275 2007 431 2047 accessit
448 2021 484 2046 a.
496 2008 534 2046 d.
550 2008 641 2047 XII
657 2009 742 2048 Cal.
763 2008 923 2048 Octobr.
944 2008 1059 2047 Nihil
1071 2006 1238 2060 turpius,

109 2076 180 2101 nec
198 2062 395 2101 desertius.
426 2062 504 2102 Sed
520 2062 582 2101 his
597 2063 753 2113 judiciis
772 2063 873 2101 nihil
892 2063 1015 2101 audeo
1035 2063 1238 2102 confidere.

109 2117 231 2165 Quod
250 2117 348 2156 Cato
367 2129 445 2155 non
470 2117 636 2165 valebat,
657 2117 784 2156 adhuc
806 2118 855 2156 de
872 2117 1045 2169 pecuniis
1064 2125 1245 2169 repetun·.

111 2172 170 2210 dis
189 2183 268 2210 non
286 2179 367 2210 erat
388 2172 618 2224 postulatus.
649 2173 860 2224 Pompeius
884 2186 907 2210 a
936 2184 1000 2210 me
1023 2172 1135 2209 valde
1154 2185 1246 2211 oon·

114 2225 239 2264 tendit
267 2226 316 2264 de
341 2226 467 2265 reditu
492 2226 530 2263 in
557 2227 746 2277 gratiam:
779 2227 845 2266 sed
875 2226 1002 2264 adhuc
1027 2226 1126 2264 nihil
1157 2240 1257 2278 pro-7

174 2280 345 2333 (Epist.)
370 2292 474 2321 vox..
498 2292 573 2319 111.
955 2283 979 2318 :3
1002 2292 1028 2317 1·
