1477 2365
208 116 262 155 36
410 114 493 154 AD
520 113 795 154 ATTICUM.
827 114 927 152 Lm.
949 113 1026 159 ΣΧ,
1059 114 1128 155 191,

199 224 416 276 deplorabo.
443 223 555 262 Tum
583 223 662 270 ille,
696 222 784 274 Ego
802 235 891 261 vero
919 222 992 260 ista
1012 221 1088 260 dici
1113 222 1214 260 nolo.
1257 221 1321 260 Ita

200 280 401 330 putabam,
420 277 606 329 inquam:
639 276 703 315 sed
714 289 784 328 ego
799 289 844 314 eo
857 276 946 314 nolo
965 275 1108 323 adesse,
1129 274 1234 326 quod
1251 283 1322 315 aut.

201 333 254 371 sic
281 332 379 371 mihi
408 331 612 371 dicendum
638 338 708 378 est,
735 331 938 382 multaque
963 343 1050 381 quae
1071 329 1180 368 nullo
1205 329 1321 368 modo

200 399 351 438 possem
388 386 510 432 silere,
550 386 581 424 si
617 385 813 430 adessem;
855 393 923 422 aut
958 396 1036 421 non
1073 383 1318 421 veniendum.

202 441 366 479 Summa
390 440 478 487 fuit,
499 447 544 478 ut
571 440 651 487 ille,
671 438 780 490 quasi
803 438 951 476 exitum
979 449 1167 489 quaerens‚
1188 443 1230 475 ut
1254 437 1320 476 de-

200 495 416 532 liberarem.
446 495 488 531 N
490 505 538 531 on
557 493 632 531 fuit
650 492 882 543 negandum.
914 492 977 530 Ita
995 491 1248 530 discessimus.

257 547 381 586 Credo
407 547 525 598 igitur
556 547 661 584 hunc
682 559 746 584 me
774 558 852 584 non
884 558 1024 583 amare.
1065 545 1126 583 At
1156 558 1227 596 ego
1257 556 1323 584 me

200 601 327 640 amavi
343 615 356 643 z
385 601 489 652 quod
507 601 604 639 mihi
619 601 701 650 jam
715 600 865 651 pridem
883 613 956 637 usu
971 611 1049 637 non
1067 598 1182 637 venit.
1213 599 1322 637 Reli-

200 669 292 708 qua,
313 668 336 693 o
354 655 448 693 Dii!
480 655 548 706 qui
562 654 763 693 comitatus
781 655 790 691 !
821 667 908 705 quae
923 656 984 696 (ut
1003 659 1046 691 tu
1065 653 1161 692 soles
1180 652 1320 699 dicere)

203 709 346 747 νεκυιαὶ
377 709 417 746 in
437 709 515 760 qua
534 716 613 747 erat
631 708 729 746 Eros
749 708 901 746 Celeris
940 706 978 746 O
997 720 1075 745 rem
1097 707 1286 758 perditam
1305 708 1316 745 !

201 775 226 800 o
245 763 369 814 copias
388 762 602 814 desperatas
617 762 627 799 !
661 761 783 810 Quid,
800 761 904 813 quod
918 761 1038 799 Servii
1050 761 1185 800 filius?
1214 761 1321 813 quod

202 816 371 856 Titinii?
397 824 491 868 quot
508 816 548 853 in
567 816 628 854 his
647 816 775 854 castris
793 816 964 863 fuerunt,
985 815 1126 866 quibus
1138 815 1319 866 Pompei-2

200 883 247 909 us
265 870 592 909 circumsideretur
610 871 620 908 Ξ
652 870 728 908 Sex
753 869 931 920 legiones.
971 869 1151 907 Multum
1169 869 1317 920 vigilat,

200 924 342 963 audet:
372 925 527 962 nullum
546 923 654 961 video
673 924 789 962 finem
808 923 915 961 mali.

256 979 298 1016 N
300 991 375 1016 unc
394 984 493 1016 certe
510 977 721 1029 promenda
739 977 810 1015 tibi
829 984 918 1015 sunt
937 977 1115 1015 consilia:
1145 976 1219 1016 hoc
1236 976 1320 1028 fue7

198 1038 258 1070 rat
276 1039 504 1070 extremum.
535 1032 611 1069 Illa
627 1038 756 1069 tamen
773 1037 974 1069 κατακλειε
987 1030 1092 1069 illius
1107 1038 1163 1070 est
1175 1031 1320 1079 odiosa,

201 1098 320 1136 quam
338 1097 447 1137 paene
464 1085 652 1136 praeterii:
683 1085 714 1123 si
737 1083 810 1122 sibi
827 1083 993 1123 consiliis
1012 1085 1149 1123 nostris
1167 1085 1225 1123 uti
1243 1097 1320 1124 non

198 1140 342 1186 liceret,
375 1151 552 1184 usurum,
584 1151 750 1189 quorum
773 1145 914 1189 posset,
944 1139 994 1177 ad
1017 1140 1224 1190 omniaque
1243 1152 1322 1178 esse

198 1194 481 1232 descensurum.
523 1192 665 1231 Vidisti
693 1192 811 1242 igitur
841 1191 982 1240 virum,
1014 1200 1059 1231 ut
1086 1193 1285 1245 scripseras
1301 1197 1320 1233 ἲ

197 1246 450 1298 ingemuisti?
479 1254 589 1285 certe.
630 1245 756 1284 Credo
774 1246 932 1296 reliqua.
967 1246 1076 1294 Quid
1092 1250 1111 1286 ἓ
1139 1248 1322 1287 continuo

197 1302 280 1352 ipse
297 1301 338 1339 in
358 1300 575 1344 Pedanum.
596 1312 666 1350 ego
683 1299 894 1351 Arpinum.
928 1300 1026 1339 Inde
1040 1309 1215 1353 exspecto
1233 1302 1322 1353 qui-

199 1355 290 1393 dem
310 1353 544 1400 λαὶζαγευσαν
555 1353 663 1391 issam
682 1360 802 1391 tuam.
833 1353 898 1391 Tu
918 1355 1084 1397 (malum
1102 1356 1132 1403 1)
1152 1356 1316 1407 inquies,

199 1416 328 1447 actum
347 1405 395 1445 ne
413 1420 515 1458 agas.
545 1407 676 1445 Etiam
690 1407 804 1446 illum
818 1407 960 1459 ipsum,
974 1422 1090 1460 quem
1105 1409 1316 1461 sequimur,

199 1462 323 1500 multa
341 1461 567 1500 fefellerunt.
598 1461 674 1499 Sed
692 1474 762 1512 ego
780 1468 865 1500 tuas
883 1461 1010 1500 literas
1025 1471 1211 1515 exspecto.
1242 1463 1283 1502 N
1285 1463 1318 1501 i-

197 1516 255 1554 hil
274 1524 329 1553 est
348 1514 449 1553 enim
465 1516 562 1563 jam,
587 1522 632 1553 ut
650 1522 774 1560 antea,
802 1517 831 1537 “
851 1515 1078 1564 Videamus,
1107 1517 1179 1556 hoc
1202 1531 1318 1569 quor-

199 1583 286 1610 sum
315 1568 489 1607 evadat.”
521 1569 757 1607 Extremum
774 1568 849 1607 fuit
866 1568 914 1608 de
931 1583 1133 1621 congressu
1159 1579 1316 1618 nostr03

200 1636 279 1677 quo
297 1623 454 1675 quidem
473 1634 550 1661 non
577 1622 710 1661 dubito
733 1622 828 1674 quin
845 1622 963 1661 istum
982 1624 1218 1664 offenderim.
1254 1626 1318 1665 Eo

197 1677 386 1717 maturius
414 1676 608 1728 agendum
639 1684 706 1715 est.
753 1677 911 1716 Amabo
940 1684 991 1726 te,
1030 1679 1244 1730 epistolam,
1278 1687 1317 1719 et

201 1738 416 1774 πολιτικηνε
446 1729 556 1769 valde
574 1736 659 1769 tuas
676 1729 806 1770 literas
821 1742 926 1770 nunc
939 1739 1127 1784 exspecto.

413 1893 527 1942 (19.)
556 1893 767 1934 CICERO
793 1894 1017 1937 ATTICO
1035 1896 1086 1935 S.

250 2001 339 2052 Ego
351 2013 438 2040 meo
459 2000 634 2040 Ciceroni
652 2001 853 2054 (quoniam
870 2001 1002 2042 Roma
1021 2003 1213 2055 caremus)
1232 2005 1315 2045 Ar-

199 2056 283 2109 pini
299 2054 543 2106 potissimum
561 2063 691 2106 togam
709 2069 850 2108 puram
866 2056 981 2095 dedi:
1010 2057 1128 2109 idque
1150 2059 1316 2098 munici-

198 2111 311 2162 pibus
323 2108 459 2148 nostris
473 2108 547 2147 fuit
564 2116 740 2160 gratum:
772 2111 842 2148 etsi
852 2123 986 2149 omnes
999 2117 1038 2150 et
1050 2110 1151 2159 illos,
1171 2119 1210 2151 et
1233 2113 1314 2165 qu&

196 2165 268 2203 iter
296 2162 392 2210 feci‚·
416 2170 567 2203 moestos
596 2162 830 2214 afflictosque
865 2163 943 2202 vidi
959 2179 970 2202 :
1013 2172 1095 2204 tam
1124 2165 1241 2204 tristis
1271 2174 1309 2205 et

183 2226 275 2256 =tam
295 2223 403 2256 atrox
421 2224 477 2255 est
498 2218 675 2267 αναὲεωρη
683 2231 741 2260 σις
758 2217 877 2267 hujus
902 2217 1066 2269 ingentis
1084 2218 1189 2258 mali.
