1498 2401
336 74 422 114 An
450 75 504 125 Q.
532 72 837 115 FRATREM.
863 75 967 114 111ss.
996 75 1032 114 1.
1061 78 1100 115 2.
1206 77 1287 115 283

159 182 232 222 tibi
267 182 375 232 Asia,
407 183 507 222 sicut
536 183 748 236 unicuique
783 197 853 223 sua
888 184 1043 232 domus,
1077 191 1169 224 nom
1201 196 1283 224 esse

156 237 308 287 debeat,
334 250 425 276 cum
450 237 501 276 ad
530 245 639 277 tuam
661 251 857 277 summam
880 238 1127 290 prudentiam
1151 246 1283 278 tantus

156 305 251 330 usus
268 292 478 340 accesserit,
498 292 597 331 nihil
621 305 714 339 esse,
735 294 841 344 quod
865 293 915 331 ad
931 293 1089 332 laudem
1107 293 1284 343 attineat,

156 345 262 398 quod
280 359 358 385 non
377 354 421 385 tu
440 347 586 398 optime
606 346 826 398 perspicias,
850 356 888 386 et
912 347 982 386 tibi
1001 360 1094 394 non,
1116 348 1196 386 sine
1215 361 1282 386 cu-

152 401 338 463 jusquam
357 400 586 449 hortatione,
602 401 643 439 in
661 409 833 439 mentem
845 402 972 440 veniat
991 402 1173 453 quotidie.
1204 402 1281 441 Sed

156 467 242 506 ego,
263 455 346 507 qui,
367 468 457 494 cum
477 464 544 494 tua
558 456 660 507 lege,
680 462 718 494 te
737 456 883 504 audire,
904 464 941 494 et
960 456 1042 508 qui,
1064 469 1153 494 cum
1173 456 1222 494 ad
1242 463 1280 495 te

155 509 293 557 scribo,
313 517 441 548 tecum
460 510 569 562 loqui
586 509 729 557 videor,
757 508 896 549 idcirco
914 518 952 549 et
970 511 1040 548 tua
1056 510 1282 561 longissima

154 576 313 616 quaque
316 556 493 615 epistola
510 564 683 603 maxime
700 565 879 613 delector,
901 572 938 603 et
954 564 1036 616 ipse
1054 564 1094 602 in
1115 565 1283 603 scriben-

153 618 206 656 do
223 632 324 670 saepe
343 631 430 657 sum
448 619 610 670 longior.

210 673 319 711 Illud
337 680 374 711 te
403 672 454 711 ad
478 681 696 712 extremum
721 681 759 712 et
787 686 853 712 oro
879 680 916 712 et
933 672 1078 721 hortor,
1103 680 1161 721 ut,
1181 680 1283 712 tam-

154 740 275 779 quam
293 731 418 779 poe'tae
441 728 533 766 boni
552 736 590 767 et
613 736 757 767 actores
784 728 963 767 industrii
987 728 1123 776 solent,
1150 728 1203 766 sic
1221 736 1279 774 tu,

153 782 196 820 in
215 782 388 821 extrema
414 790 521 833 parte
547 790 584 821 et
608 783 849 821 conclusione
875 783 1047 820 muneris
1071 795 1116 820 ac
1138 783 1282 833 negotii

154 836 228 884 tui,
248 836 566 887 diligentissimus
586 836 649 886 sis,
679 845 724 875 ut
742 837 804 877 hic
826 837 960 876 tertius
985 849 1109 875 annus
1128 836 1282 888 imperii

155 891 227 938 tui,
242 897 443 942 tamquam
455 891 588 930 tertius
603 900 724 939 actus,
734 890 1032 943 perfectissimus
1042 899 1157 943 atque
1168 904 1281 929 orna-

153 945 326 984 tissimus
352 945 471 984 fuisse
500 946 686 985 videatur.
717 945 766 984 Id
795 946 978 984 facillime
1003 945 1130 990 facieS,
1156 945 1190 984 si
1214 958 1279 984 me

154 1000 235 1044 (cui
264 1013 415 1051 semper
433 999 502 1038 uni
520 1001 659 1052 magis,
680 1014 800 1053 quam
824 999 1026 1048 universis,
1046 1000 1195 1051 placere
1213 1013 1280 1038 vo-

152 1052 278 1104 luisti)
299 1062 428 1093 tecum
447 1067 596 1106 semper
615 1068 694 1094 esse
712 1054 881 1116 putabis,
902 1062 942 1093 et
957 1054 1165 1092 omnibus
1155 1054 1202 1092 iis
1221 1067 1281 1092 re·
1302 1095 1305 1098 Α

152 1111 242 1157 bus,
263 1122 359 1160 quas
388 1108 489 1147 dices
513 1122 557 1147 ac
581 1109 710 1157 facies,
742 1118 933 1148 interesse
959 1108 1177 1161 Reliquum
1206 1117 1277 1156 ωε,

152 1172 199 1202 ut
217 1171 254 1202 te
272 1176 393 1225 orem,
413 1171 458 1201 ut
484 1163 694 1202 valetudini
713 1171 805 1225 tuae,
832 1164 864 1202 si
885 1176 949 1203 me
979 1170 1016 1202 et
1035 1171 1121 1202 tuos
1145 1174 1279 1230 ornnes

153 1218 281 1258 valere
299 1217 372 1268 viS,
393 1217 684 1270 diligentissime
702 1218 857 1258 servias.

343 1385 429 1432 (2.)
459 1383 698 1425 MARCUS
726 1384 780 1434 Q.
807 1384 1030 1424 FRATRI
1058 1385 1101 1425 S.

227 1494 626 1547 (Argumentum.--
639 1494 704 1533 De
723 1494 837 1534 Statii
858 1495 1002 1543 liberti,
1033 1495 1150 1533 nimis
1173 1492 1279 1545 apud

152 1549 350 1598 Quintum
375 1549 544 1601 gratiosi,
564 1549 747 1596 adventu,
767 1557 806 1588 et
823 1549 1030 1588 hominum
1059 1550 1108 1588 de
1135 1562 1180 1588 eo
1205 1561 1284 1586 ser-

151 1603 334 1643 monibus
362 1611 399 1642 et
423 1603 611 1655 querelis:
643 1603 692 1643 de
722 1604 881 1650 Graecis,
910 1617 1009 1656 quos
1032 1602 1281 1643 commenda-

150 1665 271 1706 verat,
288 1665 356 1696 aut
374 1658 516 1709 quibus
534 1657 735 1698 videbatur
752 1658 967 1710 indulgere,
988 1659 1206 1697 excusatio:
1234 1656 1283 1694 de

149 1711 270 1752 literis
285 1712 428 1761 Quinti
444 1712 603 1764 iniquis,
624 1713 744 1759 duris,
764 1713 974 1761 contrariis,
994 1713 1042 1751 de
1061 1713 1191 1765 eisque
1210 1711 1283 1749 tol-

152 1767 277 1806 lendis
303 1766 535 1806 eonsilium:
566 1767 615 1806 L.
637 1767 777 1815 Flavii,
809 1767 872 1806 cui
902 1767 1103 1806 haereditas
1121 1768 1162 1805 in
1181 1765 1282 1805 Asia

151 1828 322 1870 venerat,
353 1822 610 1873 aliorumque,
629 1821 935 1861 commendatio:
966 1821 1283 1874 objurgationum

152 1889 313 1915 suarum
333 1875 552 1923 excusati03
573 1889 618 1916 ac
629 1876 787 1919 tandem
805 1876 854 1916 de
864 1878 978 1916 rebus
994 1876 1160 1929 publicis
1174 1887 1280 1915 com·

155 1930 414 1979 memoratio.)

671 2009 785 2020 ———u-

131 2074 133 2076 .
207 2039 242 2079 1.
253 2041 398 2081 Statius
413 2040 537 2080 adme
548 2040 653 2080 venit
671 2054 706 2080 a.
722 2041 761 2080 d.
777 2041 891 2082 VIII
903 2040 1095 2081 calendas
1110 2039 1285 2077 Novem-

151 2097 252 2135 bres.
278 2095 381 2146 Ejus
408 2095 596 2135 adventus
622 2096 746 2148 (quod
769 2095 826 2135 ita
849 2096 1044 2148 scripsisti,
1074 2094 1285 2132 diremtum

151 2150 200 2189 iri
217 2157 256 2189 te
266 2164 290 2189 a
300 2150 393 2198 tuis,
407 2149 529 2189 dum
518 2163 551 2189 is
564 2151 924 2195 abesset)molestus
938 2150 1036 2188 mihi
1048 2149 1136 2188 fuit.
1165 2146 1286 2195 Quod

153 2211 284 2246 autem
303 2204 629 2258 exspectationem
654 2212 701 2246 tu
755 2217 1062 2257 concursumque
1092 2216 1198 2251 eum,
1217 2200 1287 2253 qui
