1498 2401
261 85 344 124 AD
373 86 425 134 Q.
456 84 758 124 FRATREM.
787 85 889 123 Lm.
918 84 953 122 1.
984 85 1019 122 1.
1120 84 1201 129 267

81 193 208 233 cunda
220 192 399 246 opinione
418 194 662 243 oblectarem,
683 193 748 233 sed
767 194 883 232 etiam
902 193 994 245 quia
1013 199 1119 232 tanta
1137 191 1205 230 ad-

80 248 283 287 hibebatur
312 255 350 286 et
378 261 402 286 a
430 248 540 286 nobis
567 255 604 286 et
628 261 652 286 a
675 247 901 299 praetoribus
929 246 1133 296 contentio,
1160 253 1205 284 ut

78 315 159 340 rem
178 315 288 355 posse
306 301 439 340 confici
457 314 534 340 non
553 301 778 340 diffiderem.

132 356 173 394 N
177 369 266 403 unc,
286 356 470 407 quoniam
488 356 543 394 ita
561 355 711 405 accidit,
727 364 772 394 ut
784 369 908 408 neque
926 363 1105 408 praetores
1124 355 1203 394 suis

80 409 232 462 opibus,
257 423 383 461 neque
401 422 470 448 nos
488 418 616 449 nestro
639 410 766 448 studio
790 410 1004 462 quidquam
1023 410 1204 461 proficere

79 477 291 515 possemus,
312 471 368 502 est
385 464 543 503 omnino
568 464 722 503 difficile
739 476 818 502 non
840 464 1004 515 graviter
1022 464 1063 502 id
1081 464 1201 502 ferre.

80 517 145 556 sed
164 525 289 557 tamen
310 526 457 557 nostros
482 518 644 567 animos,
672 518 854 557 maximis
873 518 913 556 in
939 519 1053 557 rebus
1072 525 1109 556 et
1138 531 1206 569 ge-

78 572 207 610 rendis
226 581 263 611 et
282 572 511 611 sustinendis
538 572 776 621 exercitatos,
802 571 930 624 frangi
954 579 991 610 et
1014 572 1204 610 debilitari

79 626 256 665 molestia
274 639 351 665 non
377 634 537 678 oportet.
566 627 635 674 Et,
663 626 848 679 quoniam
874 640 919 665 ea
942 626 1207 665 molestissime

68 679 177 719 ,ferre
194 680 370 720 homines
388 681 542 730 debent,
574 695 661 733 quae
679 682 851 733 ipsorum
871 679 984 732 culpa
1015 687 1206 719 contracta

81 741 186 782 sunt,
218 743 275 774 est
294 735 479 787 quiddam
505 736 545 773 in
571 735 643 774 hac
664 749 705 774 re
730 735 829 773 mihi
853 734 1052 773 molestius
1082 734 1207 772 feren-

81 788 192 838 dum,
219 802 337 842 quam
357 789 439 828 tibi.
469 789 634 828 Factum
658 797 714 828 est
739 790 843 828 enim
862 789 951 828 me‘a
970 786 1097 841 culpa,
1118 800 1208 826 con-

81 848 142 880 tra
172 856 300 895 quam·
322 851 364 882 tu
394 856 548 882 mecum
581 851 618 882 et
650 844 889 896 proficiscens
922 850 960 882 et
988 857 1056 895 per
1080 842 1209 880 literas

82 909 226 947 egeras,
248 904 293 936 ut
311 897 435 949 priore
454 910 555 937 anno
582 910 660 936 non
679 898 954 937 succederetur.
983 897 1102 945 Quod
1121 909 1206 948 ego,

81 950 178 989 dum
199 952 389 990 sociorum
407 952 523 990 saluti
541 952 711 999 consulo,
731 952 827 990 dum
842 951 1094 1003 impudentiae
1111 963 1208 988 non-

79 1005 278 1044 nullorum
297 1005 577 1057 negotiatorum
589 1006 736 1052 resisto,
752 1006 848 1044 dum
862 1013 1031 1044 nostram
1046 1005 1209 1057 gloriam

78 1059 150 1098 tua
176 1059 314 1098 virtute
333 1060 465 1111 augeri
490 1068 642 1112 expeto,
668 1060 741 1099 feci
768 1072 846 1098 non
866 1060 1078 1111 sapienter:
1109 1073 1210 1111 prae-

79 1113 210 1151 sertim
230 1127 320 1153 cum
339 1114 380 1152 id
397 1114 670 1164 commiserim,
690 1122 735 1153 ut
748 1114 817 1153 ille
836 1114 930 1153 alter
949 1126 1074 1152 annus
1093 1113 1209 1152 etiam

79 1167 238 1206 tertium
257 1175 384 1220 posset
401 1168 600 1207 adducere.

134 1221 255 1284 Quod
286 1222 471 1275 quoniam
501 1230 702 1275 peccatum
731 1236 866 1262 meum
890 1236 968 1263 esse
997 1221 1206 1266 confite013

80 1282 138 1314 est
165 1277 360 1328 sapientiae
378 1283 494 1329 atque
518 1277 770 1316 humanitatis
795 1284 886 1325 tuae,
907 1290 1039 1316 curare
1066 1283 1104 1314 et
1121 1289 1210 1327 per-

77 1329 203 1378 ficere,
224 1338 269 1369 ut
291 1330 378 1380 hoc,
397 1331 528 1369 minus
549 1332 737 1383 sapienter
755 1346 779 1370 a
803 1345 868 1370 me
886 1331 1100 1384 provisum,
1120 1330 1209 1368 dili-

77 1382 209 1435 gentia
226 1384 295 1424 tua
313 1384 534 1436 corrigatur.
567 1386 626 1424 Ac
645 1385 677 1424 si
705 1393 742 1425 te
768 1386 849 1438 ipse
868 1385 1133 1425 vehementius
1159 1384 1209 1422 ad

79 1438 130 1476 ad
159 1451 292 1477 omnes
323 1446 450 1491 partes
479 1440 578 1478 bene
606 1439 789 1478 audiendi
820 1439 1026 1486 excitaris3
1056 1451 1134 1477 non
1163 1445 1209 1476 ut

78 1504 169 1532 cum
187 1493 285 1541 aliis,
307 1493 373 1532 sed
402 1500 447 1531 ut
464 1500 593 1532 tecum
616 1494 698 1543 jam
717 1494 799 1545 ipse
826 1502 971 1540 certes;
1003 1493 1037 1532 si
1054 1504 1210 1531 omnem

79 1552 188 1585 tuam
208 1554 392 1595 mentem,
413 1560 560 1596 curam,
582 1547 865 1599 cogitationem,
889 1547 940 1586 ad
958 1547 1209 1586 excellentem

68 1600 260 1647 ,omnibus
278 1601 319 1639 in
338 1603 453 1640 rebus
470 1601 597 1640 laudis
617 1602 867 1653 cupiditatem
885 1601 1055 1640 incitaris
1072 1615 1085 1646 ;
1114 1600 1211 1639 mihi

79 1654 203 1708 crede,
223 1667 326 1693 unus
345 1667 470 1694 annus
489 1655 644 1694 additus
663 1656 786 1694 labori
805 1663 887 1704 tuo,
907 1655 1124 1694 multorum
1143 1667 1213 1692 an-

82 1720 222 1748 norum
252 1709 428 1748 laetitiam
445 1709 569 1758 nobis,
600 1709 764 1762 gloriam
791 1723 880 1749 vero
908 1710 1028 1749 etiam
1053 1708 1213 1762 posteris

67 1763 241 1811 nostris,
260 1762 403 1802 afferet.

133 1817 394 1869 Quapropter,
424 1817 497 1857 hoc
526 1828 564 1858 te
593 1818 767 1870 primum
803 1830 910 1870 rogo,
934 1830 984 1857 ne
1009 1817 1211 1858 contrahas

79 1878 150 1910 aut
168 1871 346 1910 demittas
365 1871 557 1921 animum,
577 1885 672 1911 neve
691 1880 730 1911 te
749 1874 876 1921 obrui,
898 1880 1099 1924 tamquam
1118 1872 1214 1910 fluc-

85 1933 144 1972 tU,
165 1925 218 1964 sic
229 1925 496 1976 magnitudine
514 1927 671 1978 negotii,
689 1927 818 1965 sinas·
851 1935 1058 1988 contraque
1077 1926 1213 1977 erigas,

83 1991 129 2018 ac
147 1979 310 2026 resistaS,
324 1979 402 2019 sive
421 1979 536 2020 etiam
554 1981 656 2020 ultro
671 1994 846 2020 occurras
865 1981 1038 2032 negotiis.
1071 1981 1212 2030 Neque

72 2032 192 2073 ¹enim
211 2033 400 2083 ejusmodi
418 2042 567 2087 partem
586 2035 641 2075 rei
659 2035 825 2088 publicae
843 2036 957 2086 geris,
978 2035 1019 2073 in
1040 2048 1117 2086 qua
1135 2035 1214 2071 for-

74 2093 185 2129 tuna
202 2086 434 2138 dominetur,
463 2088 565 2128 sed
554 2103 595 2128 m
615 2103 695 2142 qua
716 2089 933 2142 plurimum
959 2089 1055 2127 ratio
1082 2087 1216 2140 possit,

89 2147 129 2181 et
147 2140 358 2192 diligentia.

143 2193 262 2244 Quod
281 2195 313 2235 si
340 2196 424 2248 tibi,
455 2198 605 2238 bellum
625 2197 783 2251 aliquod
801 2210 989 2250 magnum
1009 2203 1047 2236 et
1068 2195 1217 2249 pericu-
