1498 2401
224 133 298 178 170
398 133 479 173 AD
510 132 797 173 ATTICUM.·
823 132 925 172 LIB.
944 131 1075 171 XIII.
1103 133 1169 174 43.

441 241 556 293 (42.)
587 241 801 282 CICERO
828 240 1047 282 ATTICO
1074 242 1116 282 S.

274 351 395 391 Venit
412 352 478 391 ille
497 351 546 390 ad
563 364 641 396 me,
664 357 844 399 καιμαλα
871 359 1041 399 κατηφής
1054 365 1066 389 2
1088 357 1127 389 et
1144 361 1229 401 ego,
1244 355 1290 387 Συ
1309 349 1345 387 δε

222 402 261 446 δη
277 421 312 443 τι
329 422 465 450 oza-‚usuc
481 420 493 452 ;
508 406 667 457 Rogas?
687 404 839 457 inquit;
861 405 923 445 cui
937 405 1008 443 iter
1021 405 1150 452 instet,
1164 412 1202 443 et
1214 403 1348 443 iterad

219 459 382 507 bellum,
402 460 520 512 idque
545 473 635 499 cum
662 460 936 512 periculosum,
961 466 1047 497 tum
1077 459 1194 498 etiam
1216 465 1346 511 turpe.

221 513 324 561 Quae
342 515 400 553 vis
417 515 535 566 igitur
553 517 570 553 ?
599 515 773 566 inquam.
803 514 892 563 AEs,
910 514 1052 565 inquit,
1080 514 1250 552 alienum
1268 527 1279 551 ε
1309 519 1349 552 et

220 575 351 607 tamen
384 581 433 607 ne
465 569 648 607 viaticum
679 568 850 620 quidem.
891 568 981 607 Hoc
1009 569 1093 607 loco
1125 580 1197 619 ego
1226 567 1347 605 sumsi

220 623 406 673 quiddam
439 623 488 662 de
518 624 587 662 tua
619 621 860 674 eloquentia:
890 635 983 661 nam
1005 622 1120 661 tacui.
1161 621 1222 660 At
1250 621 1344 660 ille:

219 678 296 715 Sed
323 691 388 716 me
419 677 591 715 maxime
617 678 724 728 angit
753 677 979 715 avunculus.
1022 674 1258 724 Quidnam?
1286 675 1348 713 in-

220 744 352 782 quam.
383 731 502 780 Quod
520 731 632 778 mihi,
655 730 796 782 inquit,
826 732 953 769 iratus.
967 737 1035 769 est.
1066 730 1148 770 Cur
1171 729 1314 782 pateris
1328 732 1346 769 ?

218 784 406 837 inquam:
436 787 540 824 malo
559 786 664 824 enim
692 785 746 823 ita
764 785 902 832 dicere,
924 797 1058 836 quam,
1085 798 1153 823 cur
1171 785 1351 822 commit-

219 840 269 878 tis
285 842 303 878 ?
334 841 427 879 Non
459 840 599 892 patiar,
629 839 781 891 inquit:
815 851 970 878 causam
991 839 1096 877 enim
1114 838 1263 877 tollam.
1292 838 1350 876 Et

220 907 304 945 ego,
326 895 553 932 Rectissime
579 894 764 945 quidem:
796 893 875 940 sed,
904 893 936 931 si
961 906 1077 945 grave
1095 905 1174 932 11011
1192 899 1263 941 est,
1283 905 1349 932 ve-

219 948 291 986 lim
324 949 417 987 scire
448 949 544 1000 quid
578 949 625 986 sit
659 961 794 986 causae.
837 947 957 996 Quia,
987 947 1085 986 dum
1120 946 1349 986 dubitabam

221 1016 341 1053 quam
362 1003 554 1050 duce1em,
585 1015 663 1040 non
683 1002 961 1040 satisfaciebam
980 1002 1110 1050 matri,
1139 1002 1195 1040 ita
1215 1013 1265 1040 ne
1291 1000 1352 1040 illi

219 1057 391 1107 quidem.
419 1058 537 1095 Nunc
566 1057 665 1095 nihil
696 1056 795 1095 mihi
825 1057 924 1095 tanti
956 1063 1023 1095 est.
1054 1056 1212 1096 Faciam
1245 1054 1351 1108 quod

220 1111 369 1149 volunt.
399 1111 591 1159 Feliciter‚
606 1111 737 1158 velim,
756 1111 948 1162 inquam;
977 1118 1093 1163 teque
1110 1109 1254 1150 laudo.
1283 1109 1352 1149 sed

220 1165 408 1217 quando?
439 1166 554 1204 Nihil
573 1165 622 1204 ad
635 1178 713 1212 me,
730 1165 872 1217 inquit,
892 1165 941 1204 de
958 1173 1145 1218 tempore,
1165 1164 1351 1217 quoniam

219 1232 302 1257 rem
336 1221 468 1271 probo.
498 1221 558 1258 At
589 1233 674 1270 ego,
703 1219 880 1272 inquam,
914 1231 1060 1268 censeo,
1094 1219 1208 1281 prius·
1231 1231 1350 1271 quam

219 1273 495 1335 pmroficiscarim
526 1275 581 1312 ita
598 1273 699 1325 patri
727 1286 882 1325 quoque
899 1286 1048 1312 morem
1071 1273 1242 1326 gesseris.
1273 1273 1351 1311 Fa-

218 1328 334 1374 ciam,
365 1328 507 1380 inquit,
531 1336 576 1366 ut
602 1340 741 1367 censes
772 1328 854 1367 Hic
872 1328 1047 1390 dialogus
1070 1328 1126 1367 sic
1149 1327 1352 1366 conclusus

220 1389 288 1419 est.
320 1382 395 1421 Sed
427 1383 524 1421 heus
558 1391 616 1431 tu,
648 1382 753 1420 diem
785 1395 918 1420 meum
947 1383 1018 1421 scis
1046 1395 1126 1421 ωδε
1147 1380 1216 1420 III
1243 1382 1350 1420 Non.

222 1436 251 1474 J
254 1448 318 1474 an.
341 1437 480 1475 Aderis
502 1437 632 1488 igitur.
662 1436 899 1488 Scripseram
914 1437 1026 1487 jamz
1057 1450 1142 1476 ecce
1160 1436 1246 1483 tibi,
1269 1443 1352 1474 orat

223 1490 399 1542 Lepidus
425 1499 470 1529 ut
491 1492 656 1530 veniam.
685 1490 838 1543 Opinor
863 1504 1027 1543 augures
1054 1491 1112 1529 nil
1138 1491 1279 1529 habere
1301 1489 1353 1529 ad

222 1545 414 1596 templum
433 1545 644 1585 effandum.
670 1544 797 1584 Eatur
817 1543 927 1596 [μιας
946 1545 1101 1598 nostum]
1121 1544 1355 1586 Videbimus

223 1606 260 1636 te
279 1599 412 1651 igitur.

448 1761 568 1815 (43.)
601 1763 815 1804 CICERO
843 1761 1063 1804 ATTICO
1090 1763 1133 1804 s

274 1869 364 1922 Ego
381 1883 471 1910 vero
488 1879 576 1911 utar
593 1872 862 1925 prorogatione
878 1872 979 1913 diei.
1010 1880 1132 1925 tuque
1148 1872 1356 1912 humanis—

221 1923 317 1962 sime
335 1923 471 1974 fecisti,
491 1927 560 1978 qui
587 1940 652 1966 me
670 1927 869 1966 certiorem
894 1927 1054 1973 feceris3
1082 1935 1200 1980 atque
1217 1928 1285 1976 ita,
1305 1936 1352 1966 ut

221 1991 266 2017 eo
284 1985 456 2030 tempore
475 1981 685 2033 acciperem
703 1982 847 2032 literas,
867 1995 946 2034 quo
963 1993 1042 2020 non
1062 1989 1352 2034 exspectarem.

219 2039 343 2084 tuque
379 2041 424 2072 ut
454 2036 504 2073 ab
541 2036 644 2074 ludis
681 2035 873 2076 scriberes.
921 2037 1022 2076 Sunt
1057 2037 1217 2076 omnino
1252 2036 1351 2075 mihi

217 2087 398 2138 quaedam
430 2089 578 2141 agenda
607 2090 773 2138 Romae;
809 2090 878 2132 sed
910 2103 1192 2144 consequemur
1228 2090 1350 2130 biduo
