1467 2401
181 95 234 133 88
377 95 461 135 AD
491 95 779 136 ATTICUM.
809 94 912 135 LIB.
930 93 1010 135 ΧΙ.
1042 84 1106 134 16.

176 203 271 251 tavi,
291 210 422 242 tamen
447 213 543 244 esset
567 204 773 245 consolatio
794 204 931 244 tenuis.
969 202 1046 243 Sed
1071 201 1189 241 habet
1206 197 1302 239 alio-

176 270 267 295 rum
285 258 461 297 omnium
481 260 577 298 ratio
596 259 759 307 exitum,
779 272 867 297 mea
883 258 1051 296 nullum.
1079 255 1166 294 Alii
1184 253 1301 306 mpii,

177 312 244 349 alii
267 311 474 361 interclusi,
502 327 580 353 non
601 313 759 352 veniunt
776 313 817 351 in
840 312 1005 351 dubium
1023 311 1071 349 de
1089 310 1301 357 voluntate,

176 378 221 403 eo
238 367 369 405 minus
384 368 537 417 scilicet,
554 381 642 407 cum
661 381 700 406 se
718 366 968 418 expedierint,
981 373 1020 404 et
1036 362 1115 403 unzi
1133 376 1212 402 oese
1230 375 1305 400 coe-

175 420 315 470 perint.
346 421 382 459 Ii
406 429 534 460 autem
560 422 648 474 ipsi,
676 422 744 474 qui
764 422 834 459 su&
859 421 1055 459 voluntate
1074 419 1123 457 ad
1142 416 1305 456 Fufium

176 482 376 522 venerunt,
393 476 490 514 nihil
505 483 678 528 possunt,
695 475 768 514 nisi
784 475 922 522 timidi,
936 472 1158 513 existimari.
1179 468 1305 509 Multi

175 535 306 566 autem
327 537 430 576 sunt,
460 531 542 582 qui,
568 531 803 583 quicumque
831 536 934 576 sunt,
954 527 1072 566 modo
1090 526 1140 565 ad
1157 525 1244 563 illos
1262 536 1304 562 se

176 583 341 634 recipere
364 584 506 632 volent,
537 585 778 636 recipientur.
815 584 907 631 Quo
932 582 1062 620 minus
1092 581 1206 619 debes
1228 577 1306 616 mi-

175 637 266 684 rari,
282 650 359 675 non
378 651 486 690 posse
504 652 568 677 me
582 646 688 677 tanto
703 638 824 676 dolori
838 637 1020 676 resistere.
1054 635 1180 674 Solius
1199 632 1303 671 enim

176 702 307 729 meum
328 701 526 743 peccatum
539 693 675 744 corrigi
687 705 765 730 non
782 699 919 744 potest,
941 698 979 729 et
992 690 1150 728 fortasse
1162 687 1301 732 Laelii3

177 745 244 783 sed
274 747 370 797 quid
402 759 466 785 me
497 748 538 785 id
565 748 700 786 levat?
734 746 780 785 C.
801 746 959 798 quidem
986 743 1167 783 Cassium
1192 741 1304 780 aiunt

175 800 381 838 consilium
399 801 682 840 Alexandriam
702 800 819 838 eundi
836 799 1056 838 mutavisse.

232 854 330 893 Haec
349 855 398 893 ad
417 863 454 893 te
473 856 608 902 scribo,
629 867 706 893 non
733 862 777 892 ut
795 866 912 906 queas
933 860 976 891 tu
996 852 1147 890 demere
1165 848 1306 889 sollici-

175 908 365 956 tudinem,
387 910 452 947 sed
471 916 515 948 ut
541 922 779 961 cognoscam,
805 907 942 959 ecquid
961 915 1004 945 tu
1023 906 1072 944 ad
1091 918 1136 944 ea
1157 904 1306 953 afferas,

177 975 266 1013 quae
284 975 347 1001 me
363 964 596 1003 conficiunt:
628 963 678 1001 ad
690 976 778 1015 quae
796 975 913 1013 gener
928 960 1084 1007 accedit,
1101 966 1139 998 et
1157 966 1304 1006 caetera,

177 1030 280 1067 quae,
301 1017 393 1055 fletu
413 1018 613 1069 reprimor,
634 1029 682 1055 ne
701 1016 876 1055 scribam.
906 1014 1016 1063 Quin
1036 1014 1152 1053 etiam
1167 1011 1307 1064 AEsopi

177 1070 281 1109 filius
300 1084 362 1110 me
381 1073 585 1110 excruciat.
616 1071 779 1109 Prorsus
793 1070 891 1108 nihil
905 1071 1024 1117 abest,
1039 1068 1132 1120 quin
1146 1067 1218 1106 sim
1233 1066 1309 1104 mi-

177 1125 370 1163 serrimus.
388 1126 476 1164 Sed
495 1126 544 1164 ad
569 1125 742 1177 primum
769 1131 949 1172 revertor,
969 1123 1065 1175 quid
1077 1129 1195 1174 putes
1214 1120 1308 1159 faci-

179 1179 350 1225 endum3
392 1180 587 1218 occultene
619 1179 750 1230 aliquo
786 1178 944 1230 propius
981 1176 1228 1223 veniendum,
1255 1187 1306 1213 an

178 1245 286 1273 mare
305 1234 608 1273 transeundum:
638 1245 731 1272 nam
749 1232 814 1272 hic
831 1231 979 1271 maneri
992 1230 1136 1270 diutius
1147 1242 1225 1270 non
1238 1228 1310 1282 'po-

182 1295 267 1326 test.

235 1342 300 1381 De
318 1343 532 1382 Fufidianis
557 1355 676 1395 quare
701 1341 800 1380 nihil
829 1340 956 1394 potuit
974 1339 1143 1379 confici?
1173 1338 1308 1377 Genus

179 1397 284 1435 enim
303 1398 528 1436 conditionis
548 1397 736 1448 ejusmodi
753 1396 842 1445 fuit,
863 1396 904 1434 in
923 1408 1001 1447 quo
1019 1407 1095 1432 non
1116 1393 1210 1432 solet
1228 1405 1307 1431 esse

179 1453 459 1498 controversia3
491 1465 581 1490 cum
606 1465 650 1490 ea
667 1464 769 1502 pars,
790 1464 877 1502 quae
902 1449 1052 1488 videtur
1067 1461 1146 1487 esse
1164 1447 1305 1494 minor,

178 1505 386 1545 licitatione
419 1506 564 1558 expleri
593 1513 731 1557 posset.
767 1505 865 1543 Haec
893 1517 963 1555 ego
991 1515 1067 1541 non
1094 1502 1174 1541 sine
1193 1501 1308 1540 caus&¹

179 1572 322 1611 quaero.
364 1561 543 1612 Suspicor
567 1560 684 1606 enim,
713 1558 924 1598 cohaeredes
950 1557 1110 1595 dubiam
1138 1562 1308 1594 nostram

178 1626 335 1652 causam
354 1623 503 1666 putare,
524 1622 561 1653 et
579 1627 623 1653 eo
641 1626 723 1652 rem
741 1614 782 1651 in
800 1613 950 1665 integro
969 1624 1059 1651 esse.
1089 1610 1200 1650 Vale.
1221 1608 1310 1648 Pri-

180 1667 244 1707 die
265 1668 360 1707 Idus
381 1668 526 1708 Maias.

401 1831 513 1885 (16.)
547 1830 761 1873 exemto
791 1828 1012 1870 ATTICO
1041 1829 1082 1869 s.

233 1939 328 1978 Non
353 1953 440 1978 meo
465 1940 558 1978 vitio
587 1939 645 1988 fit,
679 1940 751 1978 hoc
781 1939 939 1991 quidem
970 1945 1156 1989 tempore,
1199 1934 1308 1983 (ante

176 1994 284 2033 enim
305 2003 360 2032 est
381 1994 599 2046 peccatum)
624 2002 668 2032 ut
686 2007 749 2032 me
773 1994 846 2032 ista
865 1992 1024 2046 epistola
1051 1990 1149 2029 nihil
1173 2001 1307 2028 conso-

179 2049 294 2087 letur.
339 2049 446 2087 Nam
479 2056 516 2087 et
549 2048 687 2099 exigue
719 2048 859 2099 scripta
892 2054 962 2094 est,
1000 2053 1038 2084 et
1074 2043 1307 2096 suspiciones

179 2115 341 2154 magnas
354 2103 484 2151 habet,
504 2115 582 2141 non
601 2103 740 2141 esseab
754 2102 821 2141 ino
838 2116 850 2148 ;
881 2114 977 2153 quas
995 2097 1308 2139 animadvertisse

179 2164 218 2195 te
238 2157 432 2199 existimo.
1292 2168 1295 2172 ’

169 2236 174 2237 ⁷
231 2210 296 2250 De
314 2211 466 2250 obviam
489 2211 606 2249 itione
627 2210 682 2250 ita
713 2209 866 2260 faciam,
898 2217 942 2249 ut
973 2208 1119 2248 suades.
1159 2205 1301 2258 Neque
