1498 2401
307 126 388 165 AD
417 125 703 167 ATTICUM.
736 126 837 165 Lm.
857 123 978 165 XVI.
1010 126 1044 164 1.
1157 125 1236 169 237

117 241 156 273 et
167 234 232 274 IV
244 234 394 283 Nonas,
410 235 483 273 hoc
494 243 563 284 est,
576 235 756 297 postridie
775 234 980 283 calendas,
993 241 1038 272 ut
1044 231 1238 272 scribitur

121 289 292 341 Philipp.
309 289 363 337 V,
381 302 466 328 eam
492 289 590 328 dixit
617 289 840 350 orationem,
868 302 956 340 quae
976 296 1031 326 est
1054 288 1095 326 in
1109 288 1239 326 Anto=

120 343 231 381 nium
249 343 386 394 prima.
416 344 509 382 Fuit
537 343 674 382 deinde
699 343 841 394 partim
865 343 1018 390 Romae,
1038 342 1179 394 partim
1198 341 1240 379 in

121 396 200 435 suis
227 397 407 449 praediis:
439 412 526 450 quae
544 398 675 436 omnia
699 404 1047 435 commemorantur
1067 410 1133 435 sex
1161 396 1241 447 pri-

121 450 195 488 mis
215 451 393 502 epistolis.
422 452 601 503 Reliquae
627 451 774 502 scriptae
799 458 890 489 sunt
913 451 1065 488 incertis
1083 450 1242 501 quidem

121 503 256 543 diebus
273 506 416 557 magna
441 520 488 544 ex
507 513 638 557 parte,
670 518 801 544 omnes
820 512 948 543 tamen
975 513 1062 542 ante
1082 504 1242 543 Calend.

121 557 216 597 Jan.
237 573 316 610 quo
343 567 422 598 toto
450 568 620 611 tempore
645 559 727 597 haec
751 566 858 610 gesta
885 559 1004 596 fuisse
1026 558 1243 596 traduntur.

91 621 100 632 ··
121 611 226 651 Cum
245 613 308 652 M.
327 614 524 652 Antonius
539 622 575 652 et
591 613 826 652 Octavianus
838 613 994 652 occultis
1008 612 1136 663 potius
1148 612 1244 650 odiis

123 665 222 705 inter
250 680 304 716 se,
339 681 458 719 quam
489 666 619 720 aperta
646 668 698 716 vi,
726 675 925 716 certarent,
953 667 1123 718 alterque
1151 667 1246 705 alte-

122 733 212 759 rum
243 721 391 761 insidiis
423 730 646 774 praevertere
674 728 901 766 conaretu13
930 721 1128 759 Antonius
1158 728 1247 758 ante

122 773 227 813 diem
245 776 333 815 VII
354 777 414 815 Id
444 776 533 816 Oct.
552 776 808 815 Brundisium
835 775 953 823 venit,
969 775 1161 826 profectus
1180 776 1249 812 ob-

124 828 229 867 viam
261 831 476 882 legionibus
505 830 768 870 Macedonicis
797 837 976 882 quatuor,
1008 836 1052 866 ut
1082 841 1144 866 eas
1177 827 1248 866 sibi

126 884 291 934 pecunia
316 885 554 924 conciliaret:
586 898 681 937 quas
707 892 850 932 tamen,
878 883 982 935 quod
1008 882 1169 935 quidam
1199 884 1248 920 ab

127 936 341 977 Octaviano
360 939 546 1001 praemissi
563 940 688 977 multo
702 939 790 990 plus
809 938 1040 985 obtulerant,
1061 936 1250 975 attrahere

126 991 176 1029 ad
195 1005 233 1031 se
251 1005 329 1031 non
347 994 485 1045 potuit.
515 993 652 1046 Itaque
681 1000 717 1032 et
737 992 883 1030 Martia
903 998 939 1029 et
955 991 1119 1030 Decima
1136 991 1251 1029 illum

128 1054 260 1097 postea
288 1047 549 1097 deseruerunt,
579 1056 616 1086 et
639 1047 687 1086 ad
715 1046 975 1086 Octavianum
993 1045 1249 1084 transierunt:

127 1100 196 1151 qui
213 1100 307 1139 item
327 1101 562 1141 Octavianus
581 1115 625 1141 eo
643 1102 726 1153 ipso
753 1108 938 1151 tempore,
959 1113 1036 1151 quo
1056 1099 1252 1139 Antonius

127 1154 328 1194 Brundisii
355 1156 446 1205 suit,
479 1157 560 1208 ipse
590 1156 630 1194 in
659 1155 916 1206 Campaniam
942 1166 1116 1206 pergens,
1142 1167 1254 1205 mag--

127 1221 224 1247 num
244 1217 510 1249 veteranorum
528 1223 750 1257 numerum,
768 1208 914 1260 ingenti
928 1221 1009 1260 spe,
1029 1208 1254 1260 ingentique

128 1264 306 1315 pecunia,
341 1265 454 1316 cepit,
493 1265 678 1303 nimirum
716 1262 879 1302 denariis
914 1264 977 1315 (ut
1011 1262 1143 1301 Cicero
1179 1260 1253 1312 ait)

130 1317 282 1357 CCCC.
312 1319 439 1370 quue
469 1319 624 1357 initium
662 1319 740 1357 fuit
776 1330 974 1355 armorum
1006 1317 1104 1355 inter
1136 1316 1252 1368 ipsos,

127 1384 218 1410 cum
237 1379 348 1412 antea
365 1385 491 1425 neque
508 1374 656 1412 bellum
675 1379 862 1424 gererent,
882 1383 1007 1423 neque
1025 1383 1160 1423 pacem
1185 1370 1255 1409 ha-

126 1426 271 1465 berent.
300 1427 356 1466 Et
382 1428 455 1467 hoc
490 1434 641 1479 tempus
670 1426 769 1465 iuud
800 1425 889 1474 fuit,
924 1438 1014 1464 cum
1042 1425 1176 1465 Cicero
1205 1426 1256 1463 ab

127 1479 356 1530 Octaviano,
386 1495 454 1533 per
480 1482 643 1533 speciem
669 1479 907 1532 capessendae
935 1480 989 1518 rei
1015 1479 1194 1531 publicae,
1215 1479 1257 1517 in

128 1534 351 1574 Antonium
382 1536 605 1575 sollicitatus
636 1544 720 1581 est;
750 1534 849 1573 nihil
882 1546 935 1581 se,
971 1534 1045 1573 nisi
1075 1534 1123 1571 de
1152 1533 1258 1571 illius

129 1589 300 1638 consilio,
319 1602 389 1629 nec
416 1591 489 1628 nisi
507 1604 575 1642 per
598 1598 789 1638 senatum,
815 1589 1009 1626 facturum
1035 1588 1252 1639 pollicente.

130 1643 288 1695 Scriptae
307 1652 398 1683 sunt
422 1657 568 1693 omnes,
590 1644 762 1683 Antonio
788 1651 825 1682 et
850 1642 1057 1681 Dolabella
1081 1642 1187 1680 Coss.
1210 1655 1258 1679 ex

130 1710 165 1734 a.
183 1697 221 1735 d.
241 1697 342 1736 VII.
374 1698 434 1737 Id.
456 1699 593 1746 Quint.
616 1699 665 1737 ad
686 1700 822 1737 Nonas
842 1696 987 1735 circiter
1008 1697 1254 1735 Decembres.

134 1751 266 1803 Atque
296 1753 356 1791 his
385 1753 542 1804 quidem
564 1754 690 1791 multa
715 1752 790 1790 alia
820 1750 1078 1801 continentur,
1108 1750 1173 1789 sed
1200 1750 1259 1789 vel

134 1804 354 1857 domestica,
374 1808 435 1846 vel
452 1807 529 1847 huc
547 1806 789 1860 pertinentia.

369 1968 458 2022 (1.)
485 1969 698 2010 CICERO
728 1967 948 2008 ATTICO
977 1968 1018 2007 S.

188 2076 314 2116 Nonis
333 2076 471 2125 Quint.
490 2079 578 2117 veni
595 2078 636 2117 in
652 2077 927 2118 Puteolanum.
957 2074 1160 2121 Postridie,
1176 2074 1262 2113 iens

136 2130 187 2169 ad
217 2131 390 2170 Brutum
421 2132 462 2170 111
492 2133 692 2181 Nesidem,
722 2133 805 2170 haec
833 2130 979 2183 scripsi.
1010 2129 1087 2169 Sed
1114 2141 1158 2167 eo
1187 2128 1264 2176 die,

136 2197 214 2236 quo
251 2198 444 2236 veneram,
483 2187 645 2226 coenanti
681 2187 781 2226 Eros
818 2193 904 2225 tuas
940 2185 1082 2223 literas.
1114 2183 1224 2222 Itane
1240 2186 1259 2222 Ρ
