<?xml version="1.0" encoding="UTF-8"?>
<!DOCTYPE html PUBLIC "-//W3C//DTD XHTML 1.0 Transitional//EN"
    "http://www.w3.org/TR/xhtml1/DTD/xhtml1-transitional.dtd">
<html xmlns="http://www.w3.org/1999/xhtml" xml:lang="en" lang="en">
 <head>
  <title>
</title>
<meta http-equiv="Content-Type" content="text/html;charset=utf-8" />
  <meta name='ocr-system' content='tesseract 3.04.00' />
  <meta name='ocr-capabilities' content='ocr_page ocr_carea ocr_par ocr_line ocrx_word'/>
</head>
<body>
  <div class='ocr_page' id='page_1' title='image "./operaern11ciceuoft_0350.png"; bbox 0 0 1498 2401; ppageno 0'>
   <div class='ocr_carea' id='block_1_1' title="bbox 163 83 1126 133">
    <p class='ocr_par' dir='ltr' id='par_1_1' title="bbox 163 83 1126 133">
     <span class='ocr_line' id='line_1_1' title="bbox 163 83 1126 133; baseline 0.001 -12"><span class='ocrx_word' id='word_1_1' title='bbox 163 84 244 122; x_wconf 79' lang='lat'>336</span> <span class='ocrx_word' id='word_1_2' title='bbox 328 83 411 122; x_wconf 88' lang='lat' dir='ltr'>AD</span> <span class='ocrx_word' id='word_1_3' title='bbox 441 84 493 133; x_wconf 84' lang='lat' dir='ltr'>Q.</span> <span class='ocrx_word' id='word_1_4' title='bbox 525 84 827 124; x_wconf 83' lang='lat' dir='ltr'>FRATREM.</span> <span class='ocrx_word' id='word_1_5' title='bbox 858 84 960 122; x_wconf 76' lang='lat' dir='ltr'>Lm.</span> <span class='ocrx_word' id='word_1_6' title='bbox 983 84 1069 124; x_wconf 87' lang='grc' dir='ltr'><strong>ΙΙΙ.</strong></span> <span class='ocrx_word' id='word_1_7' title='bbox 1087 85 1126 122; x_wconf 82' lang='lat'>5.</span> 
     </span>
    </p>
   </div>
   <div class='ocr_carea' id='block_1_2' title="bbox 157 190 1293 622">
    <p class='ocr_par' dir='ltr' id='par_1_2' title="bbox 157 190 1293 622">
     <span class='ocr_line' id='line_1_2' title="bbox 161 190 1291 245; baseline -0.001 -15"><span class='ocrx_word' id='word_1_8' title='bbox 161 191 216 230; x_wconf 75' lang='lat' dir='ltr'>rei</span> <span class='ocrx_word' id='word_1_9' title='bbox 230 192 396 243; x_wconf 87' lang='lat' dir='ltr'>publicae</span> <span class='ocrx_word' id='word_1_10' title='bbox 414 192 518 238; x_wconf 63' lang='lat' dir='ltr'>cura,</span> <span class='ocrx_word' id='word_1_11' title='bbox 531 193 707 245; x_wconf 81' lang='lat' dir='ltr'><strong>dedoque</strong></span> <span class='ocrx_word' id='word_1_12' title='bbox 718 193 839 232; x_wconf 79' lang='lat' dir='ltr'>literis</span> <span class='ocrx_word' id='word_1_13' title='bbox 856 207 866 231; x_wconf 73' lang='grc' dir='ltr'><em>ε</em></span> <span class='ocrx_word' id='word_1_14' title='bbox 885 193 952 232; x_wconf 86' lang='lat' dir='ltr'>sed</span> <span class='ocrx_word' id='word_1_15' title='bbox 970 201 1099 232; x_wconf 83' lang='lat' dir='ltr'>tamen</span> <span class='ocrx_word' id='word_1_16' title='bbox 1113 190 1291 230; x_wconf 85' lang='lat' dir='ltr'>indicabo</span> 
     </span>
     <span class='ocr_line' id='line_1_3' title="bbox 160 245 1291 299; baseline -0.001 -16"><span class='ocrx_word' id='word_1_17' title='bbox 160 245 245 294; x_wconf 81' lang='lat' dir='ltr'>tibi,</span> <span class='ocrx_word' id='word_1_18' title='bbox 278 247 384 298; x_wconf 88' lang='lat' dir='ltr'>quod</span> <span class='ocrx_word' id='word_1_19' title='bbox 418 248 669 295; x_wconf 81' lang='lat' dir='ltr'>(mehercule)</span> <span class='ocrx_word' id='word_1_20' title='bbox 699 248 741 285; x_wconf 89' lang='lat' dir='ltr'>in</span> <span class='ocrx_word' id='word_1_21' title='bbox 766 247 903 299; x_wconf 86' lang='lat' dir='ltr'>primis</span> <span class='ocrx_word' id='word_1_22' title='bbox 930 255 968 286; x_wconf 85' lang='lat' dir='ltr'>te</span> <span class='ocrx_word' id='word_1_23' title='bbox 995 247 1162 286; x_wconf 68' lang='lat' dir='ltr'>celatum</span> <span class='ocrx_word' id='word_1_24' title='bbox 1187 245 1291 283; x_wconf 88' lang='lat' dir='ltr'>vole-</span> 
     </span>
     <span class='ocr_line' id='line_1_4' title="bbox 157 299 1292 352; baseline -0.001 -15"><span class='ocrx_word' id='word_1_25' title='bbox 157 301 262 338; x_wconf 88' lang='lat' dir='ltr'>bam.</span> <span class='ocrx_word' id='word_1_26' title='bbox 291 301 446 352; x_wconf 73' lang='lat' dir='ltr'>Angor,</span> <span class='ocrx_word' id='word_1_27' title='bbox 476 302 533 340; x_wconf 90' lang='lat' dir='ltr'>mi</span> <span class='ocrx_word' id='word_1_28' title='bbox 562 302 785 340; x_wconf 80' lang='lat' dir='ltr'>suavissime</span> <span class='ocrx_word' id='word_1_29' title='bbox 814 301 946 349; x_wconf 83' lang='lat' dir='ltr'>frater,</span> <span class='ocrx_word' id='word_1_30' title='bbox 974 314 1109 352; x_wconf 81' lang='lat' dir='ltr'>angor,</span> <span class='ocrx_word' id='word_1_31' title='bbox 1140 299 1292 338; x_wconf 89' lang='lat' dir='ltr'>nullam</span> 
     </span>
     <span class='ocr_line' id='line_1_5' title="bbox 159 353 1292 406; baseline -0.001 -14"><span class='ocrx_word' id='word_1_32' title='bbox 159 366 238 392; x_wconf 77' lang='lat' dir='ltr'>esse</span> <span class='ocrx_word' id='word_1_33' title='bbox 263 356 560 406; x_wconf 72' lang='lat' dir='ltr'>rempubhcam,</span> <span class='ocrx_word' id='word_1_34' title='bbox 601 356 711 394; x_wconf 83' lang='lat' dir='ltr'>nulla</span> <span class='ocrx_word' id='word_1_35' title='bbox 739 356 899 405; x_wconf 80' lang='lat' dir='ltr'>judicia,</span> <span class='ocrx_word' id='word_1_36' title='bbox 933 363 1188 406; x_wconf 86' lang='lat' dir='ltr'>nostrumque</span> <span class='ocrx_word' id='word_1_37' title='bbox 1218 353 1292 392; x_wconf 88' lang='lat' dir='ltr'>hoc</span> 
     </span>
     <span class='ocr_line' id='line_1_6' title="bbox 158 407 1291 461; baseline -0.001 -15"><span class='ocrx_word' id='word_1_38' title='bbox 158 416 313 459; x_wconf 84' lang='lat' dir='ltr'>tempus</span> <span class='ocrx_word' id='word_1_39' title='bbox 341 410 462 448; x_wconf 74' lang='lat' dir='ltr'>aetatis</span> <span class='ocrx_word' id='word_1_40' title='bbox 483 410 604 461; x_wconf 86' lang='lat' dir='ltr'>(quod</span> <span class='ocrx_word' id='word_1_41' title='bbox 622 411 663 447; x_wconf 87' lang='lat' dir='ltr'>in</span> <span class='ocrx_word' id='word_1_42' title='bbox 681 409 749 448; x_wconf 82' lang='lat' dir='ltr'>illa</span> <span class='ocrx_word' id='word_1_43' title='bbox 769 410 995 448; x_wconf 75' lang='lat' dir='ltr'>auctoritate</span> <span class='ocrx_word' id='word_1_44' title='bbox 1013 408 1203 448; x_wconf 57' lang='lat' dir='ltr'>senatoria</span> <span class='ocrx_word' id='word_1_45' title='bbox 1220 407 1291 445; x_wconf 93' lang='lat' dir='ltr'>flo-</span> 
     </span>
     <span class='ocr_line' id='line_1_7' title="bbox 160 462 1293 514; baseline 0 -15"><span class='ocrx_word' id='word_1_46' title='bbox 160 474 243 500; x_wconf 86' lang='lat' dir='ltr'>rere</span> <span class='ocrx_word' id='word_1_47' title='bbox 262 462 443 512; x_wconf 87' lang='lat' dir='ltr'>debebat)</span> <span class='ocrx_word' id='word_1_48' title='bbox 471 472 539 502; x_wconf 89' lang='lat' dir='ltr'>aut</span> <span class='ocrx_word' id='word_1_49' title='bbox 560 464 702 502; x_wconf 87' lang='lat' dir='ltr'>forensi</span> <span class='ocrx_word' id='word_1_50' title='bbox 724 465 854 503; x_wconf 86' lang='lat' dir='ltr'>labore</span> <span class='ocrx_word' id='word_1_51' title='bbox 876 464 1026 514; x_wconf 81' lang='lat' dir='ltr'>jactari,</span> <span class='ocrx_word' id='word_1_52' title='bbox 1056 471 1124 502; x_wconf 87' lang='lat' dir='ltr'>aut</span> <span class='ocrx_word' id='word_1_53' title='bbox 1142 462 1293 500; x_wconf 63' lang='lat' dir='ltr'>domes-</span> 
     </span>
     <span class='ocr_line' id='line_1_8' title="bbox 157 515 1290 570; baseline 0.002 -17"><span class='ocrx_word' id='word_1_54' title='bbox 157 515 242 554; x_wconf 87' lang='lat' dir='ltr'>ticis</span> <span class='ocrx_word' id='word_1_55' title='bbox 259 516 380 556; x_wconf 86' lang='lat' dir='ltr'>literis</span> <span class='ocrx_word' id='word_1_56' title='bbox 399 518 628 558; x_wconf 83' lang='lat' dir='ltr'>sustentari:</span> <span class='ocrx_word' id='word_1_57' title='bbox 658 518 759 557; x_wconf 85' lang='lat' dir='ltr'>illud</span> <span class='ocrx_word' id='word_1_58' title='bbox 784 531 887 568; x_wconf 79' lang='lat' dir='ltr'>vero,</span> <span class='ocrx_word' id='word_1_59' title='bbox 908 518 1015 570; x_wconf 87' lang='lat' dir='ltr'>quod</span> <span class='ocrx_word' id='word_1_60' title='bbox 1032 531 1056 556; x_wconf 87' lang='lat' dir='ltr'>a</span> <span class='ocrx_word' id='word_1_61' title='bbox 1074 529 1195 569; x_wconf 78' lang='lat' dir='ltr'>pueio</span> <span class='ocrx_word' id='word_1_62' title='bbox 1220 515 1290 554; x_wconf 80' lang='lat' dir='ltr'>ad-</span> 
     </span>
     <span class='ocr_line' id='line_1_9' title="bbox 166 570 1228 622; baseline 0.001 -14"><span class='ocrx_word' id='word_1_63' title='bbox 166 570 357 622; x_wconf 64' lang='lat' dir='ltr'>amatam,</span> <span class='ocrx_word' id='word_1_64' title='bbox 1222 597 1228 600; x_wconf 66' lang='grc'><strong><em>«</em></strong></span> 
     </span>
    </p>
   </div>
   <div class='ocr_carea' id='block_1_3' title="bbox 257 651 1200 700">
    <p class='ocr_par' dir='ltr' id='par_1_3' title="bbox 257 651 1200 700">
     <span class='ocr_line' id='line_1_10' title="bbox 257 651 1200 700; baseline 0 -16"><span class='ocrx_word' id='word_1_65' title='bbox 257 654 336 685; x_wconf 58' lang='lat' dir='ltr'>Ate»</span> <span class='ocrx_word' id='word_1_66' title='bbox 358 663 572 700; x_wconf 61' lang='grc' dir='ltr'>αριστευειν,</span> <span class='ocrx_word' id='word_1_67' title='bbox 595 665 654 686; x_wconf 70' lang='grc' dir='ltr'>και</span> <span class='ocrx_word' id='word_1_68' title='bbox 675 651 864 700; x_wconf 58' lang='lat' dir='ltr'>§napo-spu</span> <span class='ocrx_word' id='word_1_69' title='bbox 884 663 1035 696; x_wconf 72' lang='grc' dir='ltr'><em>εμμεναι</em></span> <span class='ocrx_word' id='word_1_70' title='bbox 1057 653 1200 695; x_wconf 70' lang='grc' dir='ltr'><strong>αλλων,</strong></span> 
     </span>
    </p>
   </div>
   <div class='ocr_carea' id='block_1_4' title="bbox 128 735 1295 2037">
    <p class='ocr_par' dir='ltr' id='par_1_4' title="bbox 128 735 1295 1264">
     <span class='ocr_line' id='line_1_11' title="bbox 159 735 1293 787; baseline -0.002 -12"><span class='ocrx_word' id='word_1_71' title='bbox 159 743 287 775; x_wconf 80' lang='lat' dir='ltr'>totum</span> <span class='ocrx_word' id='word_1_72' title='bbox 305 737 508 776; x_wconf 80' lang='lat' dir='ltr'>occidisse:</span> <span class='ocrx_word' id='word_1_73' title='bbox 540 737 715 775; x_wconf 87' lang='lat' dir='ltr'>inimicos</span> <span class='ocrx_word' id='word_1_74' title='bbox 741 749 765 774; x_wconf 86' lang='lat' dir='ltr'>a</span> <span class='ocrx_word' id='word_1_75' title='bbox 793 748 857 774; x_wconf 89' lang='lat' dir='ltr'>me</span> <span class='ocrx_word' id='word_1_76' title='bbox 875 735 1018 787; x_wconf 84' lang='lat' dir='ltr'>partim</span> <span class='ocrx_word' id='word_1_77' title='bbox 1044 747 1122 774; x_wconf 91' lang='lat' dir='ltr'>non</span> <span class='ocrx_word' id='word_1_78' title='bbox 1141 748 1293 787; x_wconf 87' lang='lat' dir='ltr'>oppug-</span> 
     </span>
     <span class='ocr_line' id='line_1_12' title="bbox 158 789 1293 842; baseline -0.001 -14"><span class='ocrx_word' id='word_1_79' title='bbox 158 798 283 839; x_wconf 79' lang='lat' dir='ltr'>natos,</span> <span class='ocrx_word' id='word_1_80' title='bbox 303 791 445 842; x_wconf 85' lang='lat' dir='ltr'>partim</span> <span class='ocrx_word' id='word_1_81' title='bbox 465 791 581 830; x_wconf 88' lang='lat' dir='ltr'>etiam</span> <span class='ocrx_word' id='word_1_82' title='bbox 601 804 680 829; x_wconf 84' lang='lat' dir='ltr'>esse</span> <span class='ocrx_word' id='word_1_83' title='bbox 699 789 873 828; x_wconf 88' lang='lat' dir='ltr'>defensos</span> <span class='ocrx_word' id='word_1_84' title='bbox 890 804 900 827; x_wconf 90' lang='lat'><strong>:</strong></span> <span class='ocrx_word' id='word_1_85' title='bbox 932 802 1064 828; x_wconf 86' lang='lat' dir='ltr'>meum</span> <span class='ocrx_word' id='word_1_86' title='bbox 1084 802 1162 828; x_wconf 93' lang='lat' dir='ltr'>non</span> <span class='ocrx_word' id='word_1_87' title='bbox 1176 789 1293 828; x_wconf 89' lang='lat' dir='ltr'>modo</span> 
     </span>
     <span class='ocr_line' id='line_1_13' title="bbox 158 844 1289 895; baseline -0.001 -12"><span class='ocrx_word' id='word_1_88' title='bbox 158 844 351 892; x_wconf 82' lang='lat' dir='ltr'>animum,</span> <span class='ocrx_word' id='word_1_89' title='bbox 391 845 458 883; x_wconf 86' lang='lat' dir='ltr'>sed</span> <span class='ocrx_word' id='word_1_90' title='bbox 490 858 540 884; x_wconf 91' lang='lat' dir='ltr'>ne</span> <span class='ocrx_word' id='word_1_91' title='bbox 587 845 722 883; x_wconf 82' lang='lat' dir='ltr'>odium</span> <span class='ocrx_word' id='word_1_92' title='bbox 759 844 933 895; x_wconf 81' lang='lat' dir='ltr'>quidem,</span> <span class='ocrx_word' id='word_1_93' title='bbox 979 856 1060 882; x_wconf 87' lang='lat' dir='ltr'>esse</span> <span class='ocrx_word' id='word_1_94' title='bbox 1095 844 1262 882; x_wconf 89' lang='lat' dir='ltr'>liberum</span> <span class='ocrx_word' id='word_1_95' title='bbox 1277 858 1289 880; x_wconf 90' lang='lat'>:</span> 
     </span>
     <span class='ocr_line' id='line_1_14' title="bbox 159 897 1293 951; baseline -0.001 -15"><span class='ocrx_word' id='word_1_96' title='bbox 159 911 364 951; x_wconf 87' lang='lat' dir='ltr'>unumque</span> <span class='ocrx_word' id='word_1_97' title='bbox 391 912 439 938; x_wconf 83' lang='lat' dir='ltr'>ex</span> <span class='ocrx_word' id='word_1_98' title='bbox 458 899 640 938; x_wconf 89' lang='lat' dir='ltr'>omnibus</span> <span class='ocrx_word' id='word_1_99' title='bbox 660 899 854 938; x_wconf 71' lang='lat' dir='ltr'>Caesarem</span> <span class='ocrx_word' id='word_1_100' title='bbox 881 911 962 936; x_wconf 64' lang='lat' dir='ltr'>ffise</span> <span class='ocrx_word' id='word_1_101' title='bbox 984 898 1201 946; x_wconf 87' lang='lat' dir='ltr'>inventum,</span> <span class='ocrx_word' id='word_1_102' title='bbox 1223 897 1293 949; x_wconf 88' lang='lat' dir='ltr'>qui</span> 
     </span>
     <span class='ocr_line' id='line_1_15' title="bbox 160 952 1292 1005; baseline 0 -15"><span class='ocrx_word' id='word_1_103' title='bbox 160 966 225 990; x_wconf 88' lang='lat' dir='ltr'>me</span> <span class='ocrx_word' id='word_1_104' title='bbox 239 961 405 1000; x_wconf 78' lang='lat' dir='ltr'>tantum,</span> <span class='ocrx_word' id='word_1_105' title='bbox 427 962 621 1005; x_wconf 82' lang='lat' dir='ltr'>quantum</span> <span class='ocrx_word' id='word_1_106' title='bbox 641 966 712 1005; x_wconf 89' lang='lat' dir='ltr'>ego</span> <span class='ocrx_word' id='word_1_107' title='bbox 731 953 886 999; x_wconf 85' lang='lat' dir='ltr'>vellem,</span> <span class='ocrx_word' id='word_1_108' title='bbox 908 960 1068 999; x_wconf 70' lang='lat' dir='ltr'>amaret,</span> <span class='ocrx_word' id='word_1_109' title='bbox 1089 959 1157 990; x_wconf 87' lang='lat' dir='ltr'>aut</span> <span class='ocrx_word' id='word_1_110' title='bbox 1175 952 1292 991; x_wconf 83' lang='lat' dir='ltr'>etiam</span> 
     </span>
     <span class='ocr_line' id='line_1_16' title="bbox 161 1006 1295 1059; baseline 0 -14"><span class='ocrx_word' id='word_1_111' title='bbox 161 1007 278 1059; x_wconf 85' lang='lat' dir='ltr'>(sicut</span> <span class='ocrx_word' id='word_1_112' title='bbox 298 1008 364 1045; x_wconf 84' lang='lat' dir='ltr'>alii</span> <span class='ocrx_word' id='word_1_113' title='bbox 382 1008 540 1059; x_wconf 86' lang='lat' dir='ltr'>putant)</span> <span class='ocrx_word' id='word_1_114' title='bbox 570 1009 676 1046; x_wconf 88' lang='lat' dir='ltr'>hunc</span> <span class='ocrx_word' id='word_1_115' title='bbox 687 1020 815 1045; x_wconf 89' lang='lat' dir='ltr'>unum</span> <span class='ocrx_word' id='word_1_116' title='bbox 827 1020 919 1055; x_wconf 81' lang='lat' dir='ltr'>esse,</span> <span class='ocrx_word' id='word_1_117' title='bbox 937 1007 1005 1058; x_wconf 92' lang='lat' dir='ltr'>qui</span> <span class='ocrx_word' id='word_1_118' title='bbox 1024 1006 1149 1045; x_wconf 79' lang='lat' dir='ltr'>vellet.</span> <span class='ocrx_word' id='word_1_119' title='bbox 1182 1007 1295 1055; x_wconf 85' lang='lat' dir='ltr'>Quo-</span> 
     </span>
     <span class='ocr_line' id='line_1_17' title="bbox 160 1059 1293 1112; baseline 0 -13"><span class='ocrx_word' id='word_1_120' title='bbox 160 1073 250 1099; x_wconf 86' lang='lat' dir='ltr'>rum</span> <span class='ocrx_word' id='word_1_121' title='bbox 270 1069 399 1100; x_wconf 88' lang='lat' dir='ltr'>tamen</span> <span class='ocrx_word' id='word_1_122' title='bbox 420 1062 518 1100; x_wconf 81' lang='lat' dir='ltr'>nihil</span> <span class='ocrx_word' id='word_1_123' title='bbox 539 1070 594 1101; x_wconf 84' lang='lat' dir='ltr'>est</span> <span class='ocrx_word' id='word_1_124' title='bbox 613 1061 817 1111; x_wconf 70' lang='lat' dir='ltr'>ejusmodi,</span> <span class='ocrx_word' id='word_1_125' title='bbox 836 1069 881 1099; x_wconf 89' lang='lat' dir='ltr'>ut</span> <span class='ocrx_word' id='word_1_126' title='bbox 900 1074 970 1112; x_wconf 89' lang='lat' dir='ltr'>ego</span> <span class='ocrx_word' id='word_1_127' title='bbox 988 1073 1053 1099; x_wconf 88' lang='lat' dir='ltr'>me</span> <span class='ocrx_word' id='word_1_128' title='bbox 1071 1073 1149 1099; x_wconf 90' lang='lat' dir='ltr'>non</span> <span class='ocrx_word' id='word_1_129' title='bbox 1166 1059 1293 1099; x_wconf 64' lang='lat' dir='ltr'>multa</span> 
     </span>
     <span class='ocr_line' id='line_1_18' title="bbox 161 1115 1293 1168; baseline -0.001 -14"><span class='ocrx_word' id='word_1_130' title='bbox 161 1116 417 1154; x_wconf 87' lang='lat' dir='ltr'>consolatione</span> <span class='ocrx_word' id='word_1_131' title='bbox 436 1117 607 1168; x_wconf 84' lang='lat' dir='ltr'>quotidie</span> <span class='ocrx_word' id='word_1_132' title='bbox 625 1116 768 1155; x_wconf 86' lang='lat' dir='ltr'>leniam</span> <span class='ocrx_word' id='word_1_133' title='bbox 785 1130 796 1153; x_wconf 73' lang='grc' dir='ltr'><strong><em>ε</em></strong></span> <span class='ocrx_word' id='word_1_134' title='bbox 828 1115 893 1154; x_wconf 83' lang='lat' dir='ltr'>sed</span> <span class='ocrx_word' id='word_1_135' title='bbox 911 1116 980 1153; x_wconf 84' lang='lat' dir='ltr'>illa</span> <span class='ocrx_word' id='word_1_136' title='bbox 998 1115 1069 1153; x_wconf 89' lang='lat' dir='ltr'>erit</span> <span class='ocrx_word' id='word_1_137' title='bbox 1086 1115 1293 1154; x_wconf 79' lang='lat' dir='ltr'>consolatio</span> 
     </span>
     <span class='ocr_line' id='line_1_19' title="bbox 162 1169 1293 1221; baseline -0.001 -13"><span class='ocrx_word' id='word_1_138' title='bbox 162 1170 350 1217; x_wconf 82' lang='lat' dir='ltr'>maxima,</span> <span class='ocrx_word' id='word_1_139' title='bbox 373 1170 404 1208; x_wconf 90' lang='lat' dir='ltr'>si</span> <span class='ocrx_word' id='word_1_140' title='bbox 422 1171 503 1208; x_wconf 68' lang='lat' dir='ltr'>unii</span> <span class='ocrx_word' id='word_1_141' title='bbox 522 1172 691 1210; x_wconf 88' lang='lat' dir='ltr'>erimus:</span> <span class='ocrx_word' id='word_1_142' title='bbox 721 1182 826 1208; x_wconf 87' lang='lat' dir='ltr'>nunc</span> <span class='ocrx_word' id='word_1_143' title='bbox 856 1170 906 1208; x_wconf 80' lang='lat' dir='ltr'>ad</span> <span class='ocrx_word' id='word_1_144' title='bbox 927 1170 996 1207; x_wconf 80' lang='lat' dir='ltr'>illa</span> <span class='ocrx_word' id='word_1_145' title='bbox 1024 1169 1086 1208; x_wconf 81' lang='lat' dir='ltr'>vel</span> <span class='ocrx_word' id='word_1_146' title='bbox 1115 1169 1293 1221; x_wconf 84' lang='lat' dir='ltr'>gravissi-</span> 
     </span>
     <span class='ocr_line' id='line_1_20' title="bbox 128 1224 782 1264; baseline 0.002 -2"><span class='ocrx_word' id='word_1_147' title='bbox 128 1224 132 1227; x_wconf 45' lang='lat'><em>*</em></span> <span class='ocrx_word' id='word_1_148' title='bbox 163 1236 275 1262; x_wconf 89' lang='lat' dir='ltr'>mum</span> <span class='ocrx_word' id='word_1_149' title='bbox 296 1225 440 1263; x_wconf 81' lang='lat' dir='ltr'>aceedit</span> <span class='ocrx_word' id='word_1_150' title='bbox 459 1226 517 1263; x_wconf 87' lang='lat' dir='ltr'>tui</span> <span class='ocrx_word' id='word_1_151' title='bbox 536 1225 782 1264; x_wconf 86' lang='lat' dir='ltr'>desiderium.</span> 
     </span>
    </p>

    <p class='ocr_par' dir='ltr' id='par_1_5' title="bbox 161 1278 1294 1643">
     <span class='ocr_line' id='line_1_21' title="bbox 218 1278 1294 1331; baseline 0 -14"><span class='ocrx_word' id='word_1_152' title='bbox 218 1278 435 1317; x_wconf 85' lang='lat' dir='ltr'>Gabinium</span> <span class='ocrx_word' id='word_1_153' title='bbox 468 1280 500 1317; x_wconf 85' lang='lat' dir='ltr'>si</span> <span class='ocrx_word' id='word_1_154' title='bbox 529 1283 591 1323; x_wconf 85' lang='lat' dir='ltr'>(ut</span> <span class='ocrx_word' id='word_1_155' title='bbox 617 1279 745 1318; x_wconf 83' lang='lat' dir='ltr'>Pansa</span> <span class='ocrx_word' id='word_1_156' title='bbox 771 1286 885 1331; x_wconf 80' lang='lat' dir='ltr'>putat</span> <span class='ocrx_word' id='word_1_157' title='bbox 909 1278 1137 1331; x_wconf 87' lang='lat' dir='ltr'>oportuisse)</span> <span class='ocrx_word' id='word_1_158' title='bbox 1162 1278 1294 1317; x_wconf 83' lang='lat' dir='ltr'>defen·</span> 
     </span>
     <span class='ocr_line' id='line_1_22' title="bbox 162 1332 1293 1385; baseline 0 -14"><span class='ocrx_word' id='word_1_159' title='bbox 162 1333 318 1379; x_wconf 79' lang='lat' dir='ltr'>dissem,</span> <span class='ocrx_word' id='word_1_160' title='bbox 351 1333 625 1372; x_wconf 83' lang='lat' dir='ltr'>concidissem:</span> <span class='ocrx_word' id='word_1_161' title='bbox 668 1333 737 1385; x_wconf 89' lang='lat' dir='ltr'>qui</span> <span class='ocrx_word' id='word_1_162' title='bbox 765 1334 881 1371; x_wconf 88' lang='lat' dir='ltr'>illum</span> <span class='ocrx_word' id='word_1_163' title='bbox 918 1333 1083 1372; x_wconf 84' lang='lat' dir='ltr'>oderunt</span> <span class='ocrx_word' id='word_1_164' title='bbox 1125 1332 1170 1375; x_wconf 88' lang='lat' dir='ltr'>(ii</span> <span class='ocrx_word' id='word_1_165' title='bbox 1201 1341 1293 1371; x_wconf 86' lang='lat' dir='ltr'>sunt</span> 
     </span>
     <span class='ocr_line' id='line_1_23' title="bbox 161 1386 1293 1440; baseline 0.001 -15"><span class='ocrx_word' id='word_1_166' title='bbox 161 1387 233 1426; x_wconf 90' lang='lat' dir='ltr'>toti</span> <span class='ocrx_word' id='word_1_167' title='bbox 251 1387 435 1435; x_wconf 69' lang='lat' dir='ltr'>ordines),</span> <span class='ocrx_word' id='word_1_168' title='bbox 455 1396 610 1440; x_wconf 81' lang='lat' dir='ltr'>propter</span> <span class='ocrx_word' id='word_1_169' title='bbox 625 1401 742 1440; x_wconf 89' lang='lat' dir='ltr'>quem</span> <span class='ocrx_word' id='word_1_170' title='bbox 761 1388 924 1426; x_wconf 86' lang='lat' dir='ltr'>oderunt</span> <span class='ocrx_word' id='word_1_171' title='bbox 938 1400 1002 1425; x_wconf 86' lang='lat' dir='ltr'>me</span> <span class='ocrx_word' id='word_1_172' title='bbox 1020 1387 1151 1438; x_wconf 89' lang='lat' dir='ltr'>ipsum</span> <span class='ocrx_word' id='word_1_173' title='bbox 1169 1386 1293 1426; x_wconf 82' lang='lat' dir='ltr'>odisse</span> 
     </span>
     <span class='ocr_line' id='line_1_24' title="bbox 163 1441 1294 1493; baseline -0.001 -13"><span class='ocrx_word' id='word_1_174' title='bbox 163 1442 373 1493; x_wconf 86' lang='lat' dir='ltr'>coepissent.</span> <span class='ocrx_word' id='word_1_175' title='bbox 405 1442 536 1480; x_wconf 90' lang='lat' dir='ltr'>Tenui</span> <span class='ocrx_word' id='word_1_176' title='bbox 561 1455 639 1491; x_wconf 87' lang='lat' dir='ltr'>me,</span> <span class='ocrx_word' id='word_1_177' title='bbox 666 1450 711 1480; x_wconf 89' lang='lat' dir='ltr'>ut</span> <span class='ocrx_word' id='word_1_178' title='bbox 738 1449 849 1493; x_wconf 80' lang='lat' dir='ltr'>puto,</span> <span class='ocrx_word' id='word_1_179' title='bbox 876 1441 1040 1493; x_wconf 84' lang='lat' dir='ltr'>egregie,</span> <span class='ocrx_word' id='word_1_180' title='bbox 1069 1448 1223 1479; x_wconf 78' lang='lat' dir='ltr'>tantum</span> <span class='ocrx_word' id='word_1_181' title='bbox 1248 1449 1294 1479; x_wconf 90' lang='lat' dir='ltr'>ut</span> 
     </span>
     <span class='ocr_line' id='line_1_25' title="bbox 161 1494 1294 1547; baseline -0.001 -13"><span class='ocrx_word' id='word_1_182' title='bbox 161 1495 339 1544; x_wconf 82' lang='lat' dir='ltr'>facerem,</span> <span class='ocrx_word' id='word_1_183' title='bbox 353 1504 546 1547; x_wconf 88' lang='lat' dir='ltr'>quantum</span> <span class='ocrx_word' id='word_1_184' title='bbox 561 1509 694 1535; x_wconf 88' lang='lat' dir='ltr'>omnes</span> <span class='ocrx_word' id='word_1_185' title='bbox 713 1496 897 1535; x_wconf 76' lang='lat' dir='ltr'>viderent.</span> <span class='ocrx_word' id='word_1_186' title='bbox 927 1496 982 1534; x_wconf 91' lang='lat' dir='ltr'>Et</span> <span class='ocrx_word' id='word_1_187' title='bbox 1000 1495 1041 1532; x_wconf 90' lang='lat' dir='ltr'>in</span> <span class='ocrx_word' id='word_1_188' title='bbox 1061 1494 1168 1533; x_wconf 88' lang='lat' dir='ltr'>omni</span> <span class='ocrx_word' id='word_1_189' title='bbox 1187 1508 1294 1534; x_wconf 88' lang='lat' dir='ltr'>sum-</span> 
     </span>
     <span class='ocr_line' id='line_1_26' title="bbox 163 1549 1294 1602; baseline 0 -15"><span class='ocrx_word' id='word_1_190' title='bbox 163 1550 244 1597; x_wconf 58' lang='lat' dir='ltr'>ma,</span> <span class='ocrx_word' id='word_1_191' title='bbox 273 1557 318 1588; x_wconf 89' lang='lat' dir='ltr'>ut</span> <span class='ocrx_word' id='word_1_192' title='bbox 341 1563 490 1598; x_wconf 80' lang='lat' dir='ltr'>mones,</span> <span class='ocrx_word' id='word_1_193' title='bbox 517 1551 629 1590; x_wconf 82' lang='lat' dir='ltr'>valde</span> <span class='ocrx_word' id='word_1_194' title='bbox 654 1563 719 1589; x_wconf 90' lang='lat' dir='ltr'>me</span> <span class='ocrx_word' id='word_1_195' title='bbox 744 1549 794 1588; x_wconf 85' lang='lat' dir='ltr'>ad</span> <span class='ocrx_word' id='word_1_196' title='bbox 818 1550 942 1588; x_wconf 88' lang='lat' dir='ltr'>otium</span> <span class='ocrx_word' id='word_1_197' title='bbox 968 1561 1181 1602; x_wconf 89' lang='lat' dir='ltr'>pacemque</span> <span class='ocrx_word' id='word_1_198' title='bbox 1203 1562 1294 1588; x_wconf 88' lang='lat' dir='ltr'>con-</span> 
     </span>
     <span class='ocr_line' id='line_1_27' title="bbox 164 1612 282 1643; baseline 0.008 -1"><span class='ocrx_word' id='word_1_199' title='bbox 164 1612 282 1643; x_wconf 86' lang='lat' dir='ltr'>verto.</span> 
     </span>
    </p>

    <p class='ocr_par' dir='ltr' id='par_1_6' title="bbox 161 1657 1295 2037">
     <span class='ocr_line' id='line_1_28' title="bbox 218 1657 1295 1711; baseline 0.001 -15"><span class='ocrx_word' id='word_1_200' title='bbox 218 1657 282 1697; x_wconf 89' lang='lat' dir='ltr'>De</span> <span class='ocrx_word' id='word_1_201' title='bbox 310 1659 432 1707; x_wconf 83' lang='lat' dir='ltr'>libris,</span> <span class='ocrx_word' id='word_1_202' title='bbox 459 1660 661 1711; x_wconf 83' lang='lat' dir='ltr'>Tyrannio</span> <span class='ocrx_word' id='word_1_203' title='bbox 689 1669 747 1699; x_wconf 87' lang='lat' dir='ltr'>est</span> <span class='ocrx_word' id='word_1_204' title='bbox 776 1666 962 1698; x_wconf 84' lang='lat' dir='ltr'>cessator:</span> <span class='ocrx_word' id='word_1_205' title='bbox 995 1658 1212 1710; x_wconf 88' lang='lat' dir='ltr'>Chrysippo</span> <span class='ocrx_word' id='word_1_206' title='bbox 1235 1658 1295 1697; x_wconf 84' lang='lat' dir='ltr'>di-</span> 
     </span>
     <span class='ocr_line' id='line_1_29' title="bbox 162 1713 1292 1776; baseline 0.001 -26"><span class='ocrx_word' id='word_1_207' title='bbox 162 1725 272 1751; x_wconf 89' lang='lat' dir='ltr'>cam:</span> <span class='ocrx_word' id='word_1_208' title='bbox 305 1713 370 1751; x_wconf 86' lang='lat' dir='ltr'>sed</span> <span class='ocrx_word' id='word_1_209' title='bbox 389 1727 447 1751; x_wconf 89' lang='lat' dir='ltr'>res</span> <span class='ocrx_word' id='word_1_210' title='bbox 478 1727 635 1776; x_wconf 89' lang='lat' dir='ltr'>operosa</span> <span class='ocrx_word' id='word_1_211' title='bbox 661 1722 730 1760; x_wconf 74' lang='lat' dir='ltr'>est,</span> <span class='ocrx_word' id='word_1_212' title='bbox 762 1722 800 1752; x_wconf 91' lang='lat' dir='ltr'>et</span> <span class='ocrx_word' id='word_1_213' title='bbox 827 1713 995 1752; x_wconf 84' lang='lat' dir='ltr'>hominis</span> <span class='ocrx_word' id='word_1_214' title='bbox 1017 1713 1292 1765; x_wconf 73' lang='lat' dir='ltr'>perdiligentis-</span> 
     </span>
     <span class='ocr_line' id='line_1_30' title="bbox 162 1766 1292 1819; baseline 0 -14"><span class='ocrx_word' id='word_1_215' title='bbox 162 1766 294 1805; x_wconf 86' lang='lat' dir='ltr'>Sentio</span> <span class='ocrx_word' id='word_1_216' title='bbox 323 1767 419 1819; x_wconf 78' lang='lat' dir='ltr'>ipse,</span> <span class='ocrx_word' id='word_1_217' title='bbox 454 1768 523 1819; x_wconf 89' lang='lat' dir='ltr'>qui</span> <span class='ocrx_word' id='word_1_218' title='bbox 555 1769 596 1806; x_wconf 90' lang='lat' dir='ltr'>in</span> <span class='ocrx_word' id='word_1_219' title='bbox 626 1781 780 1807; x_wconf 81' lang='lat' dir='ltr'>summo</span> <span class='ocrx_word' id='word_1_220' title='bbox 814 1767 941 1806; x_wconf 78' lang='lat' dir='ltr'>studio</span> <span class='ocrx_word' id='word_1_221' title='bbox 970 1767 1069 1805; x_wconf 86' lang='lat' dir='ltr'>nihil</span> <span class='ocrx_word' id='word_1_222' title='bbox 1100 1780 1292 1819; x_wconf 83' lang='lat' dir='ltr'>assequor.</span> 
     </span>
     <span class='ocr_line' id='line_1_31' title="bbox 163 1819 1294 1874; baseline 0.001 -16"><span class='ocrx_word' id='word_1_223' title='bbox 163 1819 228 1859; x_wconf 92' lang='lat' dir='ltr'>De</span> <span class='ocrx_word' id='word_1_224' title='bbox 248 1821 398 1859; x_wconf 84' lang='lat' dir='ltr'>Latinis</span> <span class='ocrx_word' id='word_1_225' title='bbox 428 1835 530 1868; x_wconf 81' lang='lat' dir='ltr'>vero,</span> <span class='ocrx_word' id='word_1_226' title='bbox 551 1835 629 1874; x_wconf 92' lang='lat' dir='ltr'>quo</span> <span class='ocrx_word' id='word_1_227' title='bbox 654 1835 718 1861; x_wconf 91' lang='lat' dir='ltr'>me</span> <span class='ocrx_word' id='word_1_228' title='bbox 746 1830 907 1870; x_wconf 81' lang='lat' dir='ltr'>vertam,</span> <span class='ocrx_word' id='word_1_229' title='bbox 927 1822 1080 1861; x_wconf 87' lang='lat' dir='ltr'>nescio:</span> <span class='ocrx_word' id='word_1_230' title='bbox 1110 1822 1165 1860; x_wconf 90' lang='lat' dir='ltr'>ita</span> <span class='ocrx_word' id='word_1_231' title='bbox 1182 1834 1294 1860; x_wconf 88' lang='lat' dir='ltr'>men-</span> 
     </span>
     <span class='ocr_line' id='line_1_32' title="bbox 162 1867 1295 1929; baseline 0.001 -17"><span class='ocrx_word' id='word_1_232' title='bbox 162 1874 254 1913; x_wconf 87' lang='lat' dir='ltr'>dose</span> <span class='ocrx_word' id='word_1_233' title='bbox 286 1883 324 1913; x_wconf 83' lang='lat' dir='ltr'>et</span> <span class='ocrx_word' id='word_1_234' title='bbox 352 1875 584 1924; x_wconf 83' lang='lat' dir='ltr'>scribuntur,</span> <span class='ocrx_word' id='word_1_235' title='bbox 620 1884 657 1914; x_wconf 90' lang='lat' dir='ltr'>et</span> <span class='ocrx_word' id='word_1_236' title='bbox 686 1884 879 1915; x_wconf 73' lang='lat' dir='ltr'>vzeneunt</span> <span class='ocrx_word' id='word_1_237' title='bbox 910 1877 978 1915; x_wconf 82' lang='lat' dir='ltr'>sed</span> <span class='ocrx_word' id='word_1_238' title='bbox 1006 1884 1152 1923; x_wconf 84' lang='lat' dir='ltr'>tamen,</span> <span class='ocrx_word' id='word_1_239' title='bbox 1187 1867 1295 1929; x_wconf 75' lang='lat' dir='ltr'>qnod</span> 
     </span>
     <span class='ocr_line' id='line_1_33' title="bbox 162 1928 1293 1983; baseline 0.002 -17"><span class='ocrx_word' id='word_1_240' title='bbox 162 1928 247 1967; x_wconf 90' lang='lat' dir='ltr'>fieri</span> <span class='ocrx_word' id='word_1_241' title='bbox 268 1929 419 1981; x_wconf 80' lang='lat' dir='ltr'>poterit,</span> <span class='ocrx_word' id='word_1_242' title='bbox 439 1942 518 1969; x_wconf 92' lang='lat' dir='ltr'>non</span> <span class='ocrx_word' id='word_1_243' title='bbox 546 1931 754 1983; x_wconf 81' lang='lat' dir='ltr'>negligam.</span> <span class='ocrx_word' id='word_1_244' title='bbox 784 1930 980 1977; x_wconf 70' lang='lat' dir='ltr'>Crebrius,</span> <span class='ocrx_word' id='word_1_245' title='bbox 999 1938 1044 1969; x_wconf 87' lang='lat' dir='ltr'>ut</span> <span class='ocrx_word' id='word_1_246' title='bbox 1070 1938 1159 1968; x_wconf 87' lang='lat' dir='ltr'>ante</span> <span class='ocrx_word' id='word_1_247' title='bbox 1178 1930 1229 1969; x_wconf 86' lang='lat' dir='ltr'>ad</span> <span class='ocrx_word' id='word_1_248' title='bbox 1255 1938 1293 1968; x_wconf 74' lang='lat' dir='ltr'>te</span> 
     </span>
     <span class='ocr_line' id='line_1_34' title="bbox 161 1983 1294 2037; baseline 0.001 -16"><span class='ocrx_word' id='word_1_249' title='bbox 161 1983 308 2035; x_wconf 80' lang='lat' dir='ltr'>scripsi,</span> <span class='ocrx_word' id='word_1_250' title='bbox 340 1984 480 2022; x_wconf 86' lang='lat' dir='ltr'>Romae</span> <span class='ocrx_word' id='word_1_251' title='bbox 504 1995 588 2031; x_wconf 87' lang='lat' dir='ltr'>est;</span> <span class='ocrx_word' id='word_1_252' title='bbox 619 1994 656 2024; x_wconf 90' lang='lat' dir='ltr'>et</span> <span class='ocrx_word' id='word_1_253' title='bbox 681 1985 751 2037; x_wconf 89' lang='lat' dir='ltr'>qui</span> <span class='ocrx_word' id='word_1_254' title='bbox 775 1985 906 2024; x_wconf 84' lang='lat' dir='ltr'>omnia</span> <span class='ocrx_word' id='word_1_255' title='bbox 930 1985 1124 2034; x_wconf 82' lang='lat' dir='ltr'>adjurant,</span> <span class='ocrx_word' id='word_1_256' title='bbox 1155 1984 1294 2023; x_wconf 90' lang='lat' dir='ltr'>debere</span> 
     </span>
    </p>
   </div>
   <div class='ocr_carea' id='block_1_5' title="bbox 161 2037 1292 2138">
    <p class='ocr_par' dir='ltr' id='par_1_7' title="bbox 161 2037 1292 2138">
     <span class='ocr_line' id='line_1_35' title="bbox 161 2037 1292 2092; baseline 0.003 -18"><span class='ocrx_word' id='word_1_257' title='bbox 161 2037 233 2075; x_wconf 92' lang='lat' dir='ltr'>tibi</span> <span class='ocrx_word' id='word_1_258' title='bbox 270 2037 382 2076; x_wconf 86' lang='lat' dir='ltr'>valde</span> <span class='ocrx_word' id='word_1_259' title='bbox 418 2039 653 2078; x_wconf 83' lang='lat' dir='ltr'>renuntiant.</span> <span class='ocrx_word' id='word_1_260' title='bbox 682 2041 751 2079; x_wconf 91' lang='lat' dir='ltr'>Ab</span> <span class='ocrx_word' id='word_1_261' title='bbox 784 2040 916 2079; x_wconf 85' lang='lat' dir='ltr'>aerario</span> <span class='ocrx_word' id='word_1_262' title='bbox 948 2047 1043 2092; x_wconf 84' lang='lat' dir='ltr'>puto</span> <span class='ocrx_word' id='word_1_263' title='bbox 1074 2038 1292 2078; x_wconf 87' lang='lat' dir='ltr'>confectum</span> 
     </span>
     <span class='ocr_line' id='line_1_36' title="bbox 161 2091 541 2138; baseline 0.011 -9"><span class='ocrx_word' id='word_1_264' title='bbox 161 2103 255 2138; x_wconf 65' lang='lat' dir='ltr'>esse,</span> <span class='ocrx_word' id='word_1_265' title='bbox 275 2091 387 2131; x_wconf 88' lang='lat' dir='ltr'>dum</span> <span class='ocrx_word' id='word_1_266' title='bbox 391 2094 541 2133; x_wconf 85' lang='lat' dir='ltr'>absum.</span> 
     </span>
    </p>
   </div>
  </div>
 </body>
</html>
