1498 2401
221 87 300 124 326
386 85 464 123 AD
494 86 546 132 Q.
577 84 878 124 FRATREM.
910 85 1010 123 Lm.
1036 84 1120 124 111.
1145 85 1180 122 l.

220 195 335 234 fecit:
368 206 450 242 nec,
472 194 504 232 si
531 194 652 232 ullam
676 202 824 246 partem
850 193 1034 233 libertatis
1054 194 1205 243 tenebo,
1227 193 1344 245 profi-

220 250 304 288 ciet.
332 247 442 286 Tuas
459 248 588 286 literas
607 248 850 287 vehementer
868 255 1055 300 exspecto.
1091 278 1097 286 .

273 302 393 350 Quod
413 301 543 341 scribis
561 309 600 340 te
617 302 783 350 audisse,
802 303 843 341 in
862 302 1153 341 candidatorum
1171 301 1346 341 consula-

219 358 322 396 rium
351 356 513 395 coitione
540 369 605 394 me
635 356 866 404 interfuisse,
892 357 933 395 id
957 356 1100 395 falsum
1129 363 1211 395 est:
1242 356 1346 405 ejus-

219 412 326 450 modi
345 410 449 449 enim
467 410 659 462 pactiones
678 411 719 449 in
745 425 791 450 ea
809 411 971 450 coitione
993 411 1104 450 factae
1122 418 1227 458 sunt,
1247 422 1344 461 quas

219 472 350 518 postea
369 464 586 503 Memmius
603 465 796 516 patefecit,
816 472 862 504 ut
884 478 998 504 nemo
1022 467 1146 503 bonus
1163 464 1344 502 interesse

218 519 419 559 debuerit.
450 527 487 557 et
518 519 635 557 simul
665 519 763 558 mihi
797 519 1117 558 committendum
1145 531 1225 557 non
1253 517 1345 565 fuit,

218 582 263 613 ut
281 574 340 612 his
359 573 584 616 coitionibus
602 573 837 622 interessem,
859 574 1001 626 quibus
1020 573 1192 612 Messala
1210 572 1343 610 exclu-

219 629 371 668 deretur
387 642 399 674 3
430 627 492 666 cui
528 627 686 679 quidem
723 629 967 666 vehementer
1004 627 1192 666 satisfacio
1227 628 1342 665 rebus

219 683 400 722 omnibus
416 696 427 720 ι
458 690 503 719 ut
517 682 692 730 arbitror,
710 682 826 720 etiam
841 682 1045 720 Memmio.
1076 681 1253 720 Domitio
1270 679 1345 732 ipsi

218 738 344 776 multa
370 738 453 786 jam
479 736 565 783 feci,
593 749 682 787 quae
704 736 841 784 voluit,
872 749 1038 788 quaeque
1062 748 1086 773 a
1107 748 1172 774 me
1198 735 1348 786 petivit.

218 793 407 830 Scaurum
426 790 610 829 beneficio
625 790 853 829 defensionis
867 790 978 829 valde
992 789 1172 841 obligavi.
1199 788 1349 827 Adhuc

219 853 299 884 erat
319 845 428 884 valde
456 845 661 893 incertum,
683 852 721 883 et
743 844 900 897 quando
919 844 1087 892 comitia,
1108 852 1146 882 et
1170 843 1239 896 qui
1257 855 1349 882 con-

218 900 319 939 sules
337 898 461 937 futuri
478 906 614 936 essent.

272 954 376 992 Cmn
394 953 494 991 hanc
520 954 604 1002 jam
623 952 825 1004 epistolam
845 953 1130 1006 complicarem,
1156 951 1347 991 tabellarii

220 1023 243 1046 a
267 1008 372 1047 vobis
402 1014 590 1046 venerunt
619 1020 654 1045 a.
675 1007 712 1045 d.
739 1008 805 1046 XI
834 1006 919 1047 Cal.
940 1009 1047 1060 Sept.
1062 1007 1242 1046 vicesimo
1271 1006 1347 1045 die.

219 1063 258 1102 O
287 1075 351 1101 me
381 1061 618 1100 sollicitum!
649 1070 841 1112 quantum
871 1075 941 1114 ego
972 1061 1081 1100 dolui
1111 1062 1153 1099 in
1185 1061 1369 1100 caesafis*

219 1116 456 1155 suavissimis
474 1115 593 1153 literis
609 1115 618 1153 !
651 1115 731 1163 sed,
752 1129 830 1167 quo
849 1124 956 1154 erant
975 1116 1180 1164 suaviores,
1201 1128 1246 1154 eo
1263 1127 1349 1153 ma-

215 1173 341 1221 jorem
360 1171 532 1208 dolorem
550 1169 655 1208 illius
669 1170 735 1208 ille
754 1183 862 1209 casus
881 1171 1074 1209 afferebat.
1103 1170 1181 1209 Sed
1198 1169 1249 1208 ad
1263 1177 1349 1208 tuas

217 1226 327 1265 venio
345 1225 485 1263 literas.

273 1279 468 1327 Primum,
503 1285 611 1316 tuam
637 1279 919 1318 remansionem
945 1279 1062 1318 etiam
1087 1286 1204 1330 atque
1228 1278 1347 1317 etiam

154 1363 158 1366 -
220 1336 354 1386 probo,
375 1333 587 1385 praesertim
606 1346 695 1372 cum
719 1335 782 1385 (ut
793 1332 941 1383 scribis)
963 1347 1053 1372 cum
1072 1333 1223 1372 Caesare
1241 1345 1346 1372 com-

220 1387 439 1427 municaris.
470 1387 648 1438 Oppium
666 1388 785 1426 miror
803 1388 1016 1449 quidquam
1038 1400 1127 1426 cum
1142 1387 1343 1426 Publilio:

218 1443 317 1480 1111111
347 1442 451 1481 enim
484 1454 561 1479 non
593 1443 799 1493 placuerat.
829 1442 949 1490 Quod
974 1441 1153 1480 interiore
1182 1441 1345 1493 epistola

217 1497 362 1544 scribis,
382 1509 447 1534 me
477 1496 578 1534 Idib.
597 1497 702 1548 Sept.
729 1496 917 1548 Pompeio
933 1496 1136 1548 legatum
1125 1495 1187 1545 1ri,
1213 1495 1255 1534 id
1273 1508 1345 1547 ego

219 1563 297 1589 non
317 1550 448 1589 audivi
464 1564 476 1596 ;
507 1551 716 1602 scripsique
727 1550 777 1589 ad
791 1551 998 1598 Caesarem,
1016 1549 1240 1589 Vibullium
1259 1549 1346 1589 Cae-

217 1605 311 1643 saris
329 1604 513 1643 mandata
531 1604 579 1643 de
603 1605 692 1643 mea
708 1605 909 1643 mansione
931 1605 980 1643 ad
1005 1604 1239 1656 Pompeium
1257 1617 1347 1656 per-

217 1659 364 1706 tulisse,
385 1671 455 1697 nec
480 1658 530 1697 ad
552 1659 744 1720 Oppium.
773 1659 866 1707 Quo
885 1658 1074 1698 consilio?
1104 1671 1346 1711 quamquam

217 1713 395 1764 Oppium
416 1726 486 1774 ego
505 1713 626 1762 tenui,
647 1713 752 1765 quod
770 1714 914 1765 priores
927 1721 1053 1765 partes
1066 1713 1205 1752 Bibuli
1224 1719 1344 1752 erant.

216 1767 321 1807 Cum
350 1779 394 1805 eo
428 1767 532 1805 enim
566 1780 694 1806 coram
722 1766 873 1806 Caesare
899 1774 1055 1820 egerat3
1085 1767 1136 1806 ad
1165 1766 1344 1819 Oppium

215 1821 425 1873 scripserat.
452 1820 541 1872 Ego
556 1834 644 1859 vero
659 1822 785 1860 nullas
807 1822 839 1858 δε
827 1837 975 1872 ευτερας
994 1821 1183 1873 φροντιὸας
1201 1822 1342 1860 11311313

214 1888 372 1928 possum
389 1876 430 1913 in
450 1875 610 1914 Caesaris
635 1877 761 1914 rebus.
791 1876 866 1914 Ille
884 1875 996 1924 mihi,
1017 1875 1231 1914 secundum
1249 1883 1287 1914 te
1305 1883 1344 1914 et

213 1931 352 1969 liberos
382 1937 543 1978 nostroS,
571 1929 626 1967 ita
654 1937 724 1978 est,
745 1937 790 1968 ut
818 1929 867 1968 sit
883 1943 994 1982 paene
1012 1942 1094 1982 par.
1124 1929 1271 1969 Videor
1300 1929 1342 1968 id

207 1984 355 2033 judicio
374 1984 519 2022 facere·
509 2011 519 2021 .
547 1985 632 2033 jam
660 1984 765 2023 enim
784 1984 930 2024 debeo:
961 1985 1028 2023 sed
1055 1991 1185 2022 tamen
1210 1996 1342 2023 amore

213 2051 301 2078 sum
319 2051 509 2077 mcensus.

266 2093 343 2132 VI.
375 2091 480 2132 Cum
499 2092 733 2144 scripsissem
757 2093 840 2132 haec
855 2092 1006 2142 infima,
1026 2107 1115 2145 quae
1143 2100 1235 2132 sunt
1251 2092 1341 2132 mea

209 2159 346 2195 manu,
359 2147 464 2186 venit
477 2146 527 2185 ad
540 2159 610 2185 nos
622 2147 756 2186 Cicero
770 2155 862 2186 tuus
875 2147 925 2186 ad
936 2160 1098 2195 coenam,
1113 2160 1204 2186 cum
1220 2147 1340 2186 Pom-

203 2201 319 2254 ponia
336 2201 427 2241 foris
445 2208 620 2241 coenaret.
648 2201 769 2242 Dedit
787 2201 885 2242 mihi
912 2202 1113 2255 epistolam
1131 2201 1335 2254 legendam
