1498 2401
182 116 258 154 180
368 114 452 154 AD
478 114 764 155 A'r'rich.
796 113 1036 155 L1n.x1v.
1065 113 1105 152 a

400 223 489 275 (2.)
519 223 736 265 menno
764 222 978 264 ATTICO
1009 223 1049 262 s.

227 330 340 370 Duas
362 343 386 369 a
403 338 442 370 te
460 330 587 383 accepi
606 329 790 391 epistolas
802 329 897 369 heri.
935 329 1003 368 Ex
1034 328 1159 382 priore
1189 327 1298 366 then-

171 385 556 437 trumPubliumque
566 384 751 436 cognovi,
781 386 918 423 bonae
901 383 1010 435 signa
1027 382 1299 423 consentientis

171 439 445 479 multitudinis.
483 440 650 478 Plausus
675 451 779 487 vero,
803 438 853 477 L.
883 437 1015 478 Cassio
1033 439 1159 486 datus,
1180 436 1296 476 etiam

171 494 318 533 facetus
342 494 441 532 mihi
466 494 624 546 quidem
654 493 759 532 visus
788 501 854 531 est.
894 493 1033 532 Altera
1061 492 1220 545 epistola
1248 490 1300 529 de

171 549 339 588 Madaro
353 548 505 600 scripta,
530 547 635 600 apud
658 560 776 599 quem
799 547 954 585 nullum
979 554 1082 593 φαῖσι
1087 561 1232 598 ulturum,
1252 552 1298 583 ut

168 611 295 655 putas.
335 602 507 642 Processi
535 602 653 652 enim,
674 601 741 641 sed
764 601 919 640 minus·
949 600 1096 640 diutius
1121 611 1295 640 sermone

167 658 271 697 enim
290 670 378 696 sum
396 664 576 696 retentus.

222 711 343 760 Quod
356 718 487 750 autem
507 711 556 750 ad
570 719 607 750 te
627 711 866 763 scripseram,
887 711 1044 749 obscure
1062 709 1232 756 fortasse,
1252 704 1294 747 id

167 766 357 817 ejusmodi
376 774 455 805 est:
487 766 625 813 aiebat,
649 764 843 805 Caesarem
862 777 1005 812 secum,
1025 777 1104 816 quo
1123 771 1295 815 tempore

168 820 292 860 Sextii
305 827 441 872 rogatu
460 820 548 859 veni
567 820 615 858 ud
635 832 739 867 eum,
761 832 850 858 cum
870 825 1130 870 exspectarem
1145 818 1293 865 sedens,

167 876 336 914 dixisse.
370 874 507 925 “Ego
524 887 629 912 nunc
656 882 737 912 tam
766 873 839 911 sim
858 873 1014 920 stultus,
1034 879 1079 911 ut
1096 872 1216 921 hunc,
1234 871 1295 923 ip-

168 943 256 969 sum
289 929 442 968 facilem
471 928 604 967 homin
608 941 684 975 em,
712 936 847 979 putem
876 927 975 966 mihi
1002 939 1082 966 esse
1106 926 1291 973 amicum,

167 997 257 1022 cum
283 983 431 1022 tamdiu
459 982 591 1021 sedens
619 995 753 1021 meum
772 981 1019 1020 commodum
1044 980 1297 1042 exspectetY'

167 1038 301 1077 Habes
326 1037 445 1089 igitur
467 1045 705 1089 φαλακρωμα
724 1035 1036 1075 inimicissimum
1054 1035 1137 1085 otii,
1162 1035 1203 1073 id
1221 1042 1292 1082 est,

161 1093 295 1132 Brutu

221 1147 269 1185 ln
289 1146 558 1185 Tusculanum
575 1145 713 1183 hodie·
703 1160 715 1191 ;
737 1145 907 1184 Lanuvii
925 1158 1031 1184 cras·
1019 1175 1033 1191 ‚
1062 1144 1151 1183 inde
1169 1144 1294 1183 Astu-

164 1215 216 1240 rae
247 1201 476 1253 cogitabam.
525 1199 637 1238 Piliae
666 1208 846 1251 paratum
877 1209 933 1238 cst
961 1199 1199 1251 hospitium:
1230 1199 1295 1237 sed

165 1256 302 1295 vellem
328 1255 504 1294 Atticam
535 1257 687 1305 (verum
709 1254 778 1292 tibi
797 1255 996 1305 ignosco);
1017 1266 1182 1306 quarum
1198 1253 1294 1292 utri·

163 1324 240 1363 que
259 1311 434 1350 salutem.

411 1474 503 1527 (3.)
534 1473 745 1513 CICERO
775 1472 987 1512 ATTICO
1017 1474 1057 1512 S.

217 1583 460 1636 Tranquillae
474 1592 552 1623 tuae
570 1584 730 1636 quidem
744 1584 889 1631 literae,
878 1599 888 1608 ·
910 1584 1017 1636 quod
1035 1583 1185 1622 utinam
1204 1585 1290 1624 diu-

161 1639 264 1677 tius!
295 1651 387 1677 nam
407 1638 558 1677 Matius
576 1651 685 1691 posse
703 1640 880 1690 negabat.
909 1639 1011 1678 Ecce
1022 1646 1153 1677 autem
1171 1646 1292 1678 struc-

159 1700 260 1732 tores
278 1692 412 1739 nostri,
432 1692 482 1731 ad
500 1693 743 1732 frumentum
754 1693 929 1744 profecti,
950 1706 1040 1732 cum
1055 1693 1191 1732 inanes
1205 1693 1291 1733 red-

159 1747 305 1795 iissent,
331 1759 527 1786 rumorem
554 1748 720 1787 afferunt
744 1761 948 1799 magnum,
970 1748 1109 1787 Romae
1126 1747 1290 1787 domum

159 1802 209 1841 ad
241 1801 465 1840 Antonium
501 1801 744 1841 frumentum
787 1815 902 1840 omne
934 1802 1102 1854 portari.
1143 1817 1271 1840 πανικο

160 1863 285 1896 certe:
317 1856 526 1907 scripsisses
547 1856 665 1895 enim.
694 1856 916 1896 Corumbus
934 1856 1052 1896 Balbi
1070 1856 1204 1895 nuHus
1221 1855 1290 1895 ad-

158 1911 262 1957 huc3
293 1919 331 1950 et
347 1910 447 1948 mihi
464 1917 601 1960 notum
621 1923 788 1950 nomen:
818 1911 943 1951 bellus
962 1910 1067 1950 enim
1091 1923 1172 1950 oese
1196 1909 1292 1950 dici-

159 1973 224 2004 tur
242 1965 482 2004 architectus.
518 1964 589 2003 Ad
614 1965 914 2018 obsignandum,
934 1973 979 2005 tu
998 1964 1194 2004 adhibitus
1211 1977 1289 2003 non

159 2020 242 2059 sine
263 2019 378 2058 causa
390 2019 553 2058 videris:
585 2020 722 2058 volunt
740 2020 845 2058 enim
866 2033 937 2059 nos
954 2020 1010 2058 ita
1027 2026 1177 2071 putare.
1205 2019 1290 2058 Ne-

159 2074 237 2113 scio
251 2087 320 2112 cur
333 2086 411 2112 non
423 2073 553 2112 animo
565 2087 721 2126 quoque
731 2074 908 2113 sentiant.
939 2074 1016 2114 Sed
1034 2073 1129 2126 quid
1146 2073 1230 2112 haec
1240 2072 1291 2112 ad

158 2140 228 2167 nos
243 2131 261 2167 Ρ
292 2128 466 2168 Odorare
491 2135 621 2167 tamen
645 2128 812 2167 Antonii
838 2128 1022 2166 ὃιαὲεσινε
1054 2140 1172 2180 quem
1201 2127 1290 2180 qui-

157 2182 248 2222 dem
274 2195 345 2234 ego
363 2183 567 2234 epularum
596 2183 721 2234 magis
746 2183 908 2222 arbitror
927 2182 1113 2221 rationem
1132 2182 1287 2227 habere,

158 2250 276 2290 quam
296 2237 512 2289 quidquam
527 2236 621 2276 mali
633 2237 809 2289 cogitare.
840 2236 920 2286 Tu,
941 2237 973 2276 si
994 2236 1090 2289 quid
1108 2249 1289 2289 pragma-
