1498 2401
240 85 318 125 196
412 85 495 125 AD
524 85 816 128 ATTICUM.
849 85 950 126 11113.
971 86 1091 127 XIV.
1124 86 1187 133 17.

236 194 335 232 mihi
372 196 463 235 satis
490 196 640 235 laudari
669 196 875 246 videbitur,
913 209 1002 235 cum
1039 196 1095 235 ita
1125 194 1362 245 laudabitur,

238 249 498 298 “Quomodo
516 263 620 290 nunc
639 251 736 290 est-'⁹
775 251 869 290 Non
889 251 1041 290 fidentis
1058 249 1132 289 hoc
1148 249 1362 289 testimoni-

235 315 320 352 um,
342 304 408 343 sed
425 305 554 358 potius
579 305 761 345 timentis.
800 305 950 344 Herodi
968 313 1099 344 autem
1116 303 1361 353 mandaram,

236 366 281 395 ut
298 358 437 397 mihin
443 375 519 397 ατα
537 377 577 408 μι
569 376 639 398 ιντο
659 360 865 399 scriberet:
895 373 920 398 a
937 372 1016 412 quo
1034 359 1162 398 adhuc
1185 358 1295 397 nulla
1312 358 1362 396 li-

234 419 316 451 tera
333 420 404 451 est.
434 414 591 462 Vereor,
612 428 661 453 ne
679 415 778 453 nihil
795 415 987 463 habuerit,
1014 412 1119 466 quod
1135 412 1249 462 mihi,
1269 424 1359 452 cum

233 478 513 518 cognoscerem,
531 469 750 518 jucundum
761 476 915 521 putaret
931 468 1023 508 fore.

288 521 407 570 Quod
423 523 473 561 ad
500 523 706 562 Xenonem
731 523 925 575 scripsisti,
946 523 1057 562 valde
1080 521 1179 560 mihi
1203 529 1358 572 gratum

232 582 300 614 est.
340 577 455 615 Nihil
484 578 587 616 enim
618 578 746 617 deesse
772 577 961 626 Ciceroni,
987 590 1077 617 cum
1099 576 1149 615 ad
1173 575 1359 624 officium,

231 637 317 668 tum
337 631 386 669 ad
405 632 727 671 existimationem
745 645 889 680 meam,
909 632 1087 684 pertinet.

286 684 509 725 Flammam
525 687 764 725 Flaminium
779 687 895 724 audio
910 687 1049 725 Romae
1066 698 1156 724 esse.
1184 684 1255 724 Ad
1269 697 1361 724 eum

231 739 378 791 scripsi,
397 753 462 779 me
481 741 551 780 tibi
569 741 771 779 mandasse
793 753 862 792 per
884 740 1028 789 literas,
1048 747 1093 778 ut
1110 739 1158 778 de
1177 738 1362 778 Montani

230 794 383 845 negotio
402 808 492 833 cum
512 808 556 834 eo
573 796 798 857 loquerere:
829 802 867 833 et
881 794 997 832 velim
1016 807 1124 833 cures
1142 793 1358 846 epistolam,

230 861 350 899 quam
369 848 419 886 ad
438 862 528 887 eum
543 850 647 896 misi,
661 848 922 894 reddendam;
953 857 990 887 et
1007 849 1089 900 ipse
1113 847 1237 901 (quod
1255 860 1361 886 eom

229 902 346 941 modo
364 911 432 941 tuo
459 902 542 951 fiat)
563 916 653 942 cum
679 916 724 942 eo
752 903 981 956 colloquare.
1011 903 1129 951 Puto,
1149 903 1181 941 si
1199 901 1294 954 quid
1317 903 1360 940 in

229 956 387 994 homine
417 957 574 1009 pudoris
600 966 670 1005 eet,
701 965 975 1010 praestaturum
1004 970 1109 1006 eum,
1143 969 1192 996 ne
1217 968 1289 1008 pro
1317 969 1362 996 se

230 1010 401 1062 quodam
430 1012 546 1050 modo
579 1011 828 1064 dependatur.
875 1011 940 1050 De
967 1011 1104 1051 Attica
1134 1018 1358 1064 pergratum

229 1064 327 1102 mihi
346 1065 480 1114 fecisti,
501 1066 605 1118 quod
632 1067 773 1105 curasti
797 1074 842 1105 ut
868 1073 957 1106 ante
985 1066 1121 1106 scirem
1144 1073 1245 1105 recte
1263 1078 1357 1115 esse,

229 1131 351 1170 quam
370 1132 449 1160 non
466 1121 566 1161 belle
584 1120 715 1160 fuisse.

448 1284 566 1338 (17.)
597 1285 812 1328 CICERO
844 1285 1071 1327 ATTICO
1097 1287 1139 1327 S.

283 1393 334 1432 In
354 1393 639 1458 Pompeianum
658 1397 746 1435 veni
760 1397 801 1436 V
813 1397 950 1436 Nonas
963 1396 1108 1443 Maias,
1126 1407 1219 1435 cum
1235 1395 1360 1448 pridie

228 1451 291 1491 (ut
308 1456 421 1487 antea
438 1449 488 1487 ad
507 1458 544 1489 te
563 1449 713 1503 scripsi)
728 1451 931 1490 Piliamin
946 1451 1126 1491 Cumano
1139 1450 1360 1489 collocavis-

227 1515 320 1541 sem.
352 1503 415 1542 Ibi
434 1503 532 1542 mihi
551 1506 714 1544 coenanti
727 1506 848 1545 literae
865 1515 943 1544 tuae
961 1513 1052 1544 sunt
1069 1504 1241 1552 redditae‚
1261 1516 1360 1556 quas

227 1555 384 1596 dederas
404 1557 604 1598 Demetrio
622 1560 759 1598 liberto
784 1561 884 1613 prid.
907 1559 1124 1606 calendas3
1153 1559 1195 1597 in
1214 1559 1357 1611 quibus

226 1611 353 1650 multa
383 1613 586 1664 sapienter,
618 1613 684 1653 sed
715 1622 846 1654 tamen
875 1615 969 1653 talia
1005 1612 1356 1666 (quemadmodum

228 1672 310 1704 tute
330 1667 551 1716 scribebas),
581 1677 625 1707 ut
652 1681 767 1708 omne
792 1669 996 1709 consilium
1023 1669 1064 1707 in
1081 1667 1238 1707 fortuna
1254 1679 1358 1720 pom-

227 1726 312 1757 tum
333 1720 537 1760 videretur.
569 1721 707 1776 Itaque
725 1723 785 1764 his
811 1723 860 1762 de
884 1725 998 1762 rebus
1027 1735 1076 1762 ex
1100 1731 1287 1775 tempore,
1315 1728 1355 1760 et

225 1785 369 1812 eoram.

279 1827 343 1866 De
361 1830 570 1870 Buthrotio
589 1832 757 1883 negotio,
783 1832 935 1871 utinam
960 1831 1119 1884 quidem
1138 1830 1355 1870 Antonium

224 1884 473 1923 conveniam!
497 1887 667 1924 multum
686 1886 855 1938 profecto
873 1887 1085 1939 proficiam.
1117 1885 1282 1926 Sednon
1293 1897 1356 1923 ar-

223 1936 416 1976 bitrantur
434 1951 524 1977 eum
545 1953 567 1978 a
587 1940 724 1993 Capua
743 1941 1050 1980 declinaturum.
1081 1953 1160 1992 quo
1178 1938 1351 1992 quidem,

222 1999 369 2039 metuo,
399 2005 448 2031 ne
479 2006 623 2045 magno
653 1995 875 2047 reipublicae
899 1996 1004 2034 malo
1034 1994 1202 2033 venerit.
1246 1991 1353 2045 quod

221 2044 326 2084 idem
353 2046 401 2085 L.
423 2047 567 2086 Caesari
585 2049 801 2097 videbatur,
823 2063 940 2102 quem
960 2049 1084 2102 pridie
1104 2047 1272 2101 Neapoli
1289 2046 1352 2085 af-

220 2098 366 2139 fectum
384 2102 550 2154 graviter
569 2103 753 2142 videram.
792 2104 1059 2151 Quamobrem
1081 2103 1155 2142 ista
1172 2102 1283 2141 nobis
1300 2100 1352 2140 ad

220 2152 423 2194 Ca1.Jun.
444 2157 643 2196 tractanda
665 2166 701 2197 et
727 2158 958 2210 perficienda
979 2165 1082 2198 sunt.
1121 2156 1198 2197 Sed
1221 2155 1351 2196 hacte-

217 2218 303 2247 nus.
