1498 2401
323 83 408 123 AD
436 85 490 134 Q.
522 84 827 125 FRATREM.
857 85 953 124 L113.
975 86 1012 126 Ι.
1043 78 1082 125 2.
1194 88 1274 134 287

139 194 243 246 legi:
274 201 326 244 et,
347 194 378 233 si
391 194 537 247 iniquae
551 195 642 243 sint,
658 194 740 234 fieri
760 203 797 234 te
809 194 1033 235 certiorem:
1063 203 1274 250 antequam

141 263 231 289 vero
248 251 330 304 ipse
347 251 397 289 ad
422 258 460 290 te
478 250 655 297 venisset,
681 250 836 288 nullum
863 250 1055 289 delectum
1074 251 1273 291 literarum

139 304 280 344 fuisse:
313 319 361 345 ex
380 319 424 345 eo
444 319 525 345 esse
547 304 746 343 volumina
765 305 990 343 selectarum
1010 306 1274 357 epistolarum,

139 372 228 412 quae
242 360 470 413 reprehendi
488 360 664 399 solerent.

193 415 283 454 Hoc
297 414 346 454 de
363 429 502 467 genere
521 414 620 454 nihil
638 422 676 452 te
694 425 799 452 nunc
820 413 976 465 quidem
997 427 1157 454 moneo:
1192 431 1275 457 sero

139 476 197 508 est
214 470 343 509 enim:
374 483 419 509 ac
438 470 531 509 scire
549 476 672 521 potes,
695 467 821 506 multa
839 481 903 506 me
931 469 1034 507 varie
1052 469 1272 521 diligenter-

136 537 215 575 que
232 524 439 564 monuisse.
470 525 579 564 Illud
597 532 742 572 tamen,
764 522 869 574 quod
885 522 1143 576 Theopompo
1162 539 1275 565 man-

136 578 240 628 davi,
257 592 347 618 cum
367 593 489 619 essem
504 579 725 618 admonitus
738 578 810 617 ab
799 590 897 630 ipso,
912 576 999 616 vide
1011 591 1080 630 per
1096 579 1273 621 homines

135 640 310 672 amantes
329 634 402 684 tui,
424 635 530 687 quod
548 641 604 674 est
622 634 747 683 facile,
767 640 813 671 ut
830 632 912 671 haec
931 644 1072 682 genera
1086 635 1272 674 tollantur

137 686 402 740 epistolarum,
423 689 598 741 primum
623 689 871 752 iniq-uarum,-
896 685 1036 726 deinde
1064 691 1272 730 contraria-

135 754 241 789 rum,
262 750 349 782 tum
367 744 532 782 absurde
552 751 589 783 et
607 744 787 782 inusitate
802 741 1060 793 scriptarum3
1081 752 1275 795 postremo

136 796 176 834 in
196 797 367 849 aliquem
387 798 766 838 contumeliosamm.

191 851 324 904 Atque
352 865 423 904 ego
447 853 530 892 haec
548 859 629 892 tam
649 866 742 902 esse,
763 864 882 914 quam
902 852 1031 901 audio,
1053 866 1131 893 non
1146 863 1269 907 puto.

135 912 188 956 et,
215 906 247 945 si
273 914 364 945 sunt
393 907 708 959 occupationibus
727 907 804 946 tuis
829 906 959 946 minus
988 907 1269 962 animadversa,

135 973 240 1000 nunc
259 961 430 1013 perspice
449 972 487 1001 et
504 975 640 1013 purga.
683 962 784 1013 Legi
813 961 1028 1013 epistolam,
1050 977 1170 1016 quam
1188 965 1271 1018 ipse

135 1015 328 1068 scripsisse
347 1017 457 1056 Sulla
476 1017 738 1056 nomenclator
743 994 890 1054 Ddictus
918 1024 987 1064 est,
1007 1030 1084 1056 non
1104 1022 1272 1071 proban-

135 1069 250 1108 darn:
271 1070 348 1123 legi
367 1071 574 1109 nonnullas
593 1071 807 1110 iracundas.
838 1069 916 1110 Sed
934 1078 1106 1124 tempore
1124 1073 1207 1128 ipso
1222 1076 1271 1116 de

134 1124 316 1186 epistolis.
347 1125 471 1172 Nam,
492 1138 582 1164 cum
596 1126 697 1166 hanc
711 1125 895 1178 paginam
910 1132 1094 1189 tenerem,
1111 1128 1160 1167 L.
1177 1129 1212 1168 F
1213 1130 1273 1170 13

134 1178 235 1226 vius,
268 1190 409 1231 praetor
441 1179 676 1231 designatus,
705 1180 755 1219 ad
788 1193 852 1219 me
884 1181 1002 1229 venit,
1029 1182 1147 1222 homo
1171 1185 1272 1225 mihi

134 1233 247 1275 valde
268 1233 481 1273 familiaris.
513 1235 554 1273 Is
575 1235 688 1284 mihi,
709 1243 747 1274 te
765 1235 816 1274 ad
833 1243 1096 1299 procuratores
1115 1251 1206 1278 suos
1224 1240 1273 1279 li-

133 1294 233 1328 teras
261 1289 437 1336 11113133ος
467 1301 556 1342 quae
573 1289 672 1328 mihi
691 1289 782 1328 visae
801 1297 890 1328 sunt
909 1290 1191 1342 iniquissimae;
1222 1307 1272 1335 ne

131 1342 230 1394 quid
248 1343 297 1383 de
314 1343 438 1392 bonis,
461 1357 549 1396 quae
568 1344 618 1382 L.
640 1343 794 1383 Octavii
823 1344 992 1384 Nasonis
1011 1345 1187 1397 fuissent,
1208 1350 1271 1388 cui

135 1397 185 1436 L.
217 1397 377 1437 Flavius
408 1398 531 1437 haeres
564 1406 634 1447 est,
665 1398 923 1438 diminuerent
954 1408 1044 1438 ante
1076 1415 1195 1464 quam
1218 1402 1270 1444 C.

133 1452 342 1491 Fundanio
360 1452 566 1505 pecuniam
594 1453 805 1492 solvissent.
840 1453 1021 1504 Itemque
1046 1455 1194 1496 misisse
1221 1459 1272 1498 ad

133 1507 486 1559 Apnflnnidienses,
514 1520 564 1546 ne
598 1508 647 1547 de
664 1508 790 1556 bonis,
812 1521 900 1560 quae
920 1508 1074 1548 Octavii
1092 1510 1271 1562 fuissent,

133 1560 301 1600 diminui
329 1569 566 1615 paterentur,
597 1562 826 1615 priusquam
854 1562 1061 1603 Fundanio
1093 1565 1270 1607 debitum

135 1616 306 1655 solutum
327 1624 437 1656 esset.
479 1617 579 1656 Haec
602 1617 702 1656 mihi
734 1617 955 1656 verisimilia
973 1631 1052 1658 non
1077 1619 1271 1661 videntur.

136 1670 238 1710 Sunt
257 1671 363 1710 enim
381 1685 405 1711 a
422 1671 630 1724 prudentia
656 1671 727 1710 tua
751 1671 1018 1711 remotissima.
1061 1674 1127 1714 Ne
1154 1676 1270 1715 dimi-

136 1732 232 1763 nuat
245 1726 390 1765 haeres.
379 1728 398 1755 9
420 1726 531 1774 Quid
545 1726 577 1765 31
591 1726 808 1766 inficiatur.
798 1729 816 1754 9
837 1726 947 1775 Quid
965 1727 997 1766 si
1015 1729 1175 1769 omnino
1189 1743 1268 1770 non

136 1780 329 1820 debetur?
350 1780 485 1829 Quid?
504 1788 645 1833 praetor
659 1781 756 1820 solet
765 1781 938 1831 judicare
953 1782 1083 1822 deberi
1093 1786 1111 1823 ,9
1133 1785 1241 1834 Quid
1251 1789 1270 1825 ?

136 1847 208 1886 ego
222 1835 429 1874 Fundanio
443 1848 522 1874 non
536 1835 674 1888 cupio.
664 1839 682 1865 9
711 1849 789 1875 11011
802 1835 949 1876 amicus
964 1849 1072 1878 sum.
1062 1840 1080 1867 9
1099 1851 1178 1878 11011
1195 1840 1272 1878 1111-

133 1889 341 1929 sericordia
359 1903 539 1930 moveor.
528 1892 547 1918 9
576 1903 691 1930 1101110
708 1891 862 1943 magis:
895 1891 960 1930 sed
979 1892 1041 1931 via
1055 1893 1154 1943 juris
1169 1895 1273 1944 ejus-

135 1944 244 1983 modi
262 1952 319 1983 est
338 1944 601 1997 quibusdam
590 1958 631 1984 111
650 1947 779 1991 rebus,
795 1954 840 1984 ut
853 1946 952 1984 nihil
971 1946 1020 1985 sit
1033 1947 1107 1986 loci
1124 1948 1274 2000 gratiae.

191 1999 329 2051 Atque
358 1998 413 2038 ita
437 1999 536 2038 mihi
567 1999 719 2039 dicebat
751 2000 912 2039 Flavius
937 2001 1125 2053 scriptum
1151 2003 1193 2041 in
1227 2003 1274 2043 εἰ

134 2052 314 2105 epistola,
335 2067 457 2106 quam
469 2061 581 2093 tuam
593 2067 677 2094 esse
690 2054 855 2103 dicebat,
871 2063 909 2094 te
921 2062 990 2094 aut
1008 2055 1121 2108 quasi
1140 2057 1274 2097 amicis

134 2106 214 2146 tuis
239 2107 382 2160 gratias
401 2115 595 2157 acturum,
614 2116 685 2148 aut
703 2109 814 2160 quasi
835 2109 1002 2148 inimicis
1028 2110 1275 2152 incommoda

133 2161 325 2202 laturum.
366 2161 481 2211 Quid
509 2163 662 2203 multa.
651 2165 669 2192 9
698 2164 845 2204 ferebat
870 2163 1136 2216 gravite131d
1159 2166 1274 2206 vehe-

134 2223 287 2259 menter
297 2229 454 2261 mecum
468 2220 722 2272 querebatur;
743 2220 968 2272 orabatque,
981 2226 1026 2261 ut
1040 2218 1090 2262 ad
1101 2226 1140 2261 te
1152 2233 1274 2275 quam
