1498 2401
159 102 240 140 332
324 99 406 140 AD
433 100 487 150 Q.
517 100 818 143 FRATREM.
850 102 950 143 LIB·
975 101 1055 140 111.
1081 103 1119 141 4.

151 218 251 250 tram
270 211 460 250 rationem
479 211 875 264 consuetudinemque
888 210 1129 250 inducemus.
1160 212 1274 263 Mag-

150 277 202 304 na
220 265 325 303 enim
343 266 454 304 nobis
473 279 496 304 a
514 273 552 304 te
570 266 765 318 proposita
783 278 928 304 merces
947 272 1017 314 est,
1038 279 1159 318 quam
1177 274 1278 305 certe

148 319 280 358 nostra
308 320 424 371 culp'a
448 332 652 372 nunquam
676 321 806 359 minus
831 333 1091 371 assequemur.
1121 319 1277 369 Quibus

149 374 190 411 in
215 373 320 421 locis,
349 381 386 412 et
414 388 494 426 qua
522 387 603 426 spe,
633 375 872 413 hiematurus
897 374 962 425 sis,
988 374 1038 413 ad
1066 387 1131 413 me
1156 387 1275 427 quam

150 427 442 479 diligentissime
461 429 616 477 scribas,
636 429 765 468 velim.
794 429 906 468 Vale.

325 589 420 643 (4.)
450 590 695 632 MARCUS
724 591 777 641 Q.
807 591 1032 630 FRATRI
1061 592 1102 630 S.

206 699 602 752 (Argumentum.—-
550 700 681 739 —De
707 699 876 738 Gabinio
900 706 1057 751 propter
1082 706 1278 738 accusato-

151 753 202 792 ris
217 761 255 793 et
272 754 576 806 subscriptorum
595 754 797 792 infantiam
819 754 994 792 absoluto
1007 753 1220 805 perscribit,
1240 761 1279 792 et

148 821 269 859 quare
291 821 363 848 nec
392 821 483 847 eum
516 808 716 855 accusarit,
746 820 816 846 nec
844 807 1070 854 defenderit,
1102 807 1168 846 sed
1192 815 1279 846 tan-

151 869 238 900 tum
263 862 528 901 testimonium
547 869 679 901 contra
704 874 795 901 eum
814 861 968 907 dixerit,
992 862 1182 901 ostendit:
1213 862 1281 901 de-

148 916 267 968 nique
280 916 329 955 de
347 918 461 955 rebus
480 916 697 956 domesticis
716 916 896 968 quaedam
914 916 1053 966 addit.)

204 1023 395 1063 Gabinius
428 1025 627 1064 absolutus
646 1032 714 1063 est.
744 1024 919 1064 Omnino
941 1024 1040 1062 nihil
1059 1031 1276 1064 accusatore

151 1079 335 1126 Lentulo,
370 1079 768 1131 subscriptoribusque
806 1080 903 1129 ejus,
936 1078 1149 1125 infantius,
1138 1093 1148 1102 ·
1178 1079 1277 1116 nihil

148 1132 217 1171 illo
249 1133 406 1171 consilio
427 1133 628 1172 sordidius.
658 1133 736 1172 Sed
765 1141 909 1182 tamen,
943 1132 1018 1172 nisi
1047 1133 1280 1172 incredibilis

149 1186 355 1235 contentio,
377 1194 414 1225 et
428 1200 557 1249 preces
577 1188 770 1249 Pompeii,
786 1188 985 1226 dictaturae
1000 1187 1117 1225 etiam
1128 1199 1276 1234 rumor,

148 1241 288 1292 plenus
313 1241 475 1288 timoris,
501 1241 650 1290 fuisset,
678 1242 752 1294 ipsi
774 1242 945 1280 Lentulo
964 1253 1042 1279 non
1063 1241 1279 1293 respondis-

149 1302 220 1357 set,
237 1295 307 1347 qui
326 1302 426 1344 tum,
437 1271 507 1334 1110
524 1304 755 1357 accusatore,
776 1296 921 1348 illoque
935 1295 1107 1344 consili0,
1128 1302 1280 1334 senten-

149 1349 213 1387 tiis
238 1349 516 1389 condemnatus
540 1350 590 1389 sit
616 1350 809 1399 XXXII,
833 1363 924 1389 cum
943 1349 1066 1388 LXX
1088 1349 1276 1388 tulissent.

149 1402 225 1442 Est
242 1403 401 1442 omnino
420 1411 501 1442 tam
520 1404 628 1454 gravi
646 1404 753 1443 fama
770 1405 844 1443 hoc
858 1403 1066 1454 judicium,
1086 1410 1132 1441 ut
1149 1403 1279 1442 videa-

151 1464 216 1495 tur
232 1457 390 1509 reliquis
405 1458 559 1508 judiciis
577 1458 785 1510 periturus,
801 1464 839 1496 et
856 1457 1027 1496 maxime
1046 1457 1094 1495 de
1107 1457 1280 1508 pecuniis

151 1512 385 1563 repetundis.
428 1513 505 1552 Sed
540 1512 646 1551 vides
675 1513 826 1550 nullam
863 1524 944 1550 esse
980 1511 1276 1563 rempublicam,

151 1565 308 1603 nullum
326 1573 517 1615 senatum,
534 1567 643 1604 nulla
651 1567 810 1616 judicia,
829 1566 1011 1604 nullam
1000 1578 1041 1603 111
1059 1565 1169 1604 nullo
1188 1577 1278 1604 nos-

151 1620 257 1657 trum
285 1618 526 1671 dignitatem.
574 1620 684 1669 Quid
713 1621 826 1672 plura
850 1620 898 1658 de
923 1619 1120 1670 judicibus
1135 1622 1154 1658 ?
1182 1619 1278 1658 Duo

149 1673 321 1725 praetorii
339 1674 530 1724 sederunt,
552 1674 752 1714 Domitius
770 1674 956 1714 Calvinus
984 1674 1036 1726 (is
1064 1681 1194 1726 aperte
1210 1675 1279 1712 ab·

149 1726 278 1775 solvit,
309 1734 354 1766 ut
383 1741 516 1768 omnes
545 1728 749 1777 viderent),
775 1736 813 1768 et
843 1728 964 1775 Cat03
995 1729 1041 1777 is,
1071 1727 1277 1780 [diruptis]

150 1781 317 1831 tabellis,
347 1781 396 1821 de
414 1782 556 1822 circulo
576 1796 615 1822 se
634 1783 834 1832 subduxit,
865 1790 902 1821 et
921 1782 1109 1835 Pompeio
1127 1782 1278 1835 primus

153 1835 360 1875 nuntiavit.

202 1889 333 1929 Aiunt
363 1891 556 1940 nonnulli,
591 1891 796 1931 Sallustius
827 1891 936 1940 item,
969 1903 1034 1930 me
1060 1890 1274 1944 oportuisse

153 1956 342 1983 accusare.
372 1945 428 1984 Iis
448 1958 519 1997 ego
539 1946 733 1996 judicibus
752 1946 1031 1985 committerem
1044 1945 1063 1982 '1'
1091 1945 1202 1993 Quid
1220 1958 1278 1985 es-

153 2011 251 2048 sem,
274 1999 321 2047 si,
340 2012 405 2039 me
422 2007 572 2052 agente,
593 2007 688 2039 esset
706 2001 889 2052 elapsus?
919 2000 997 2040 Sed
1014 2013 1080 2039 me
1103 2000 1179 2038 alia
1195 2012 1280 2038 mo-

149 2060 301 2091 verunt.
329 2054 424 2093 Non
443 2054 614 2106 putasset
631 2053 705 2094 sibi
724 2055 936 2107 Pompeius
950 2054 999 2093 de
1014 2054 1120 2093 illius
1139 2054 1276 2116 salute,

150 2106 218 2144 sed
236 2106 285 2146 de
304 2108 376 2147 sua
394 2108 595 2160 dignitate,
615 2121 768 2148 mecum
788 2123 867 2148 esse
891 2116 1108 2148 00113111011.
1139 2108 1179 2146 111
1198 2107 1277 2146 Ur-

150 2161 240 2199 bem
276 2161 483 2202 intrasset:
522 2163 572 2202 ad
609 2163 827 2202 inimicitias
863 2178 922 2203 res
959 2163 1144 2203 venisset·
1186 2174 1277 2200 cum

149 2214 357 2255 AEscrnino
384 2216 557 2258 Samnite
581 2217 811 2258 Pacidianus
837 2224 1077 2271 comparatus
1102 2216 1273 2256 viderer:
