1477 2365
365 89 448 127 AD
477 88 762 130 ATTICUM.
793 90 894 128 Lm.
925 90 1002 130 IX.
1034 91 1072 135 7.
1216 91 1264 128 15

145 203 224 235 tam
252 197 534 248 compositionis
565 210 674 249 spem
700 209 777 236 non
803 198 1151 249 desperatissimam
1180 210 1262 236 esse

144 257 266 301 put03
298 251 481 302 quoniam
501 252 630 290 Caesar
647 259 703 290 est
722 252 767 290 ea
785 261 927 293 mente..
948 252 1027 303 qua
1046 258 1177 303 optare
1196 252 1265 289 de—

144 305 295 342 bemus.
338 304 426 343 Hae
450 319 490 343 re
520 306 620 344 mihi
649 306 788 357 placet,
815 306 846 344 si
871 305 941 344 tibi
967 305 1132 354 videtur,
1159 313 1196 344 te
1216 305 1266 343 ad

146 370 236 395 eum
255 358 427 407 scribere,
456 367 493 397 et
514 361 563 398 ab
592 373 635 398 eo
659 359 879 411 praesidium
902 366 1044 412 petere,
1066 366 1110 397 ut
1135 359 1268 411 petisti

147 424 170 448 a
189 411 388 463 Pompeio,
408 426 472 451 me
490 414 647 465 quidem
663 416 911 465 approbante,
932 414 1169 464 temporibus
1185 413 1268 450 Mi-

147 464 320 504 lonianis.
351 467 561 515 Praestabo,
598 468 648 520 (si
678 470 869 506 Caesarem
902 469 999 505 bene
1032 466 1140 516 novi)
1176 480 1265 504 eum

146 519 253 569 prius
272 527 349 558 tuae
367 520 576 572 dignitatis,
609 535 728 574 quam
757 535 836 560 suae
861 520 1052 569 utilitatis,
1078 521 1265 558 rationem

146 572 382 612 habiturum.

203 629 232 649 “
252 627 350 666 Haec
365 642 482 679 quam
501 629 709 681 prudenter
734 629 805 668 tibi
820 629 997 676 scribam,
1018 628 1143 666 nescio
1160 643 1170 667 ε
1202 628 1268 666 sed

147 680 246 718 illud
265 689 364 720 certe
382 683 471 732 scic,
498 697 562 722 me
591 686 639 722 ab
667 683 851 735 singulari
880 696 1009 721 amore
1034 695 1078 720 ac
1103 684 1269 721 benevo-

146 734 279 782 lentia,
311 750 567 789 quaecumque
599 738 733 785 scribo,
766 738 837 776 tibi
868 737 1053 775 scxibere:
1086 737 1189 788 quod
1230 744 1268 774 te

148 788 235 839 (ita,
254 789 439 828 incolumi
458 791 621 840 Caesare,
641 792 799 838 moriar)
819 791 917 829 tanti
935 791 1047 837 facio,
1063 798 1108 828 ut
1125 803 1268 842 paucos

147 855 256 894 aeque
285 857 329 882 ac
353 851 391 883 te
422 859 526 885 caros
548 846 723 884 habeam.
754 846 817 883 De
841 846 913 883 hac
938 858 978 883 re
1008 857 1097 882 cum
1121 843 1268 896 aliquid

147 897 397 946 constitueris,
421 900 538 938 velim
565 900 662 937 mihi
692 900 843 938 scribas.
874 900 913 937 N
918 912 980 936 am
1011 911 1090 936 non
1121 899 1270 936 medio-

146 950 256 989 criter
288 952 432 1002 laboro,
457 960 502 991 ut
526 954 679 1006 utrique
709 958 771 997 (ut
796 951 870 1002 vis)
904 961 1013 991 tuam
1039 953 1267 991 benevolen-

148 1003 241 1041 tiam
260 1015 437 1056 praestare
455 1008 576 1059 possis
593 1023 602 1045 :
634 1021 752 1059 quam
778 1004 1032 1060 (mehercule)
1054 1013 1091 1045 te
1109 1014 1270 1058 praesta-

147 1063 277 1098 turum
296 1062 456 1100 confido.
484 1062 517 1100 F
521 1075 564 1100 ac
585 1062 752 1100 valeas.’'

389 1172 417 1193 “
441 1171 577 1208 Caesar
599 1172 739 1221 Oppio,
763 1172 957 1218 Cornelio,
979 1172 1022 1208 S.

204 1278 232 1300 “
248 1277 409 1316 Gaudeo
424 1276 674 1328 (mehercule)
693 1291 758 1316 vos
774 1278 986 1330 significare
999 1277 1133 1325 literis,
1149 1289 1268 1328 quam

150 1331 260 1370 valde
290 1332 455 1383 probetis
484 1346 529 1371 ea
557 1347 643 1384 quae
666 1333 770 1384 apud
790 1332 1006 1370 Corfinium
1031 1338 1121 1370 sunt
1149 1338 1266 1382 gesta.

151 1385 320 1424 Consilio
343 1394 468 1425 vestro
485 1394 573 1425 utar
591 1387 767 1435 libenter,
789 1394 826 1424 et
855 1387 927 1424 hoc
946 1386 1142 1433 libentius,
1163 1384 1268 1436 quod

148 1439 236 1477 mea
265 1447 397 1491 sponte
429 1441 551 1479 facere
576 1441 861 1488 constitueram,
895 1448 940 1478 ut
972 1453 1091 1492 quam
1120 1439 1272 1478 lenissi-

147 1505 259 1531 mum
276 1507 340 1533 me
354 1495 562 1546 praeberem
579 1509 591 1540 3
622 1502 660 1533 et
678 1494 925 1546 Pompeium,
946 1494 1078 1532 darem
1096 1506 1267 1545 operam,

148 1554 195 1589 ut.
210 1549 502 1587 reconciliarem.
533 1550 747 1588 Tentemus
765 1549 838 1587 hoc
855 1548 985 1596 modo,
1014 1548 1047 1586 si
1065 1560 1269 1600 possumus

148 1602 321 1640 omnium
353 1604 567 1641 voluntates
592 1616 827 1655 recuperare,
850 1610 886 1640 et
905 1602 1090 1640 diuturna
1112 1601 1270 1640 victoria

149 1655 232 1702 uti3
263 1657 445 1708 quoniam
464 1656 603 1709 reliqui
622 1657 842 1696 erudelitate
860 1656 994 1694 odium
1013 1656 1179 1707 effugere
1191 1668 1269 1693 non

149 1717 369 1760 potuerunt,
403 1724 528 1763 neque
557 1712 752 1750 victoriam
786 1710 931 1748 diutius
960 1718 1101 1758 tenere,
1133 1717 1271 1761 praeter

150 1775 273 1802 unum
303 1765 351 1803 L.
379 1766 544 1813 Sullam,
565 1779 682 1817 quem
707 1765 926 1803 imitaturus
944 1777 1022 1802 non
1042 1777 1141 1803 sum.
1172 1764 1271 1801 Haec

150 1829 249 1856 nova
267 1818 316 1856 sit
333 1819 428 1857 ratio
446 1820 648 1866 vincendi3
679 1827 724 1857 ut
752 1818 1011 1857 misericordia
1040 1826 1078 1857 et
1102 1817 1271 1856 liberali-

150 1878 226 1909 tate
244 1885 312 1911 nos
331 1873 565 1912 muniamus.
596 1874 646 1913 Id
671 1873 1001 1926 quemadmodum
1026 1872 1108 1910 fieri
1137 1871 1270 1923 possit,

149 1927 336 1964 nonnulla
353 1927 451 1965 mihi
469 1927 510 1965 in
524 1935 694 1967 mentem
706 1927 866 1966 veniunt
882 1941 894 1972 3
925 1934 962 1965 et
975 1927 1102 1964 multa.
1115 1925 1272 1977 reperiri

149 1988 320 2029 possunt.
350 1981 414 2019 De
444 1981 504 2019 his
531 1984 659 2031 rebus,
689 1994 781 2033 rogo
811 1994 891 2029 vos,
925 1989 970 2019 ut
1003 1979 1270 2032 cogitationem

150 2034 375 2086 suscipiatis.

206 2090 235 2110 ‘⁶
255 2089 328 2127 Cn.
348 2089 545 2141 Magium,
567 2090 744 2142 Pompeii
761 2089 1000 2142 praefectum,
1021 2087 1270 2140 deprehendi.

151 2140 301 2180 Scilicet
318 2156 404 2182 meo
425 2145 600 2183 instituto
618 2158 710 2183 usus
741 2158 842 2193 sum,
864 2151 901 2182 et
919 2157 1009 2181 eum
1029 2143 1159 2182 statim
1178 2141 1273 2179 mis-

152 2207 239 2234 sum
267 2196 351 2236 feci.
390 2198 419 2236 J
422 2211 486 2237 am
519 2199 596 2238 duo
636 2199 805 2251 praefecti
837 2198 988 2237 fabrum
1024 2195 1200 2248 Pompeii
1229 2195 1271 2232 in
