1513 2370
194 69 272 107 122
382 67 467 107 AD
498 66 785 107 ATTICUM.
813 65 915 106 1113.
934 67 1038 107 XII.
1065 67 1134 106 31.

195 176 246 215 ad
262 177 336 216 hoc
353 189 488 215 meum
513 175 715 216 consilium
734 175 1011 227 adjuvandum.
1053 175 1097 216 Si
1115 175 1211 228 quid
1235 177 1321 226 erit,

197 243 386 282 magnum
417 239 474 270 est
503 231 796 281 adjumentum:
827 230 885 269 sin
904 230 1049 280 minus,
1080 228 1325 284 qudcumque

196 285 343 324 ratione
357 285 646 325 contendamus.
667 286 791 325 Vetus
801 285 901 324 illud
917 301 1123 335 εγγηραμα,
1135 286 1324 337 quemad-

197 340 360 378 modum
389 340 583 392 scripsisti,
603 340 665 379 vel
694 352 852 389 ενταφιον
876 346 1024 392 putato.
1069 338 1135 378 De
1161 340 1229 379 illo
1247 339 1325 379 Os-

198 393 311 433 tiensi
329 395 427 433 nihil
447 402 504 433 est
525 394 786 446 cogitandum.
817 394 859 433 Si
880 394 954 432 hoc
972 406 1051 432 non
1070 394 1326 445 assequimur,

201 451 245 498 (a
264 449 406 488 Lamia
427 461 504 488 non
523 456 618 501 puto
646 447 774 501 posse)
803 448 1036 500 Damasippi
1054 448 1328 501 expefiendum

200 511 268 542 Ξῖ.

422 664 537 716 (3ο.)
570 665 788 705 CICERO
818 662 1041 705 ATTICO
1071 665 1112 704 S.

260 774 420 823 Quaero,
442 774 537 827 quid
555 775 605 813 ad
624 782 661 813 te
680 774 867 813 scribam:
899 773 965 812 sed
983 773 1081 812 nihil
1096 781 1170 812 est:
1201 773 1335 814 eadem

207 829 389 881 quotidie.
438 829 557 878 Quod
591 829 808 867 Lentulum
841 828 986 874 invisis,
1018 828 1129 866 valde
1164 837 1334 880 gratum.

208 883 356 922 Pueros
375 883 540 922 attribue
569 884 617 931 ei,
642 891 737 935 quot
755 890 793 921 et
817 896 914 934 quos
932 882 1135 921 videbitur.
1168 883 1233 922 De
1250 883 1337 924 Silii

207 937 405 976 voluntate
420 938 622 984 vendendi,
636 945 674 975 et
687 937 734 975 de
753 950 811 985 eo,
828 937 977 989 quanti,
993 945 1036 975 tu
1051 937 1171 976 vereri
1185 937 1337 986 videris,

209 991 382 1042 primum
413 1004 462 1030 ne
491 993 602 1039 nolit,
623 991 761 1029 deinde
778 1004 828 1029 ne
845 992 955 1029 tanti.
999 991 1087 1030 Sica
1105 991 1215 1031 aliter
1230 1007 1242 1031 ε
1272 993 1339 1032 sed

211 1046 282 1106 tibi
299 1046 492 1085 assentior.
523 1046 670 1095 Quare,
691 1054 736 1084 ut
754 1046 789 1084 ei
806 1046 966 1097 placuit,
987 1045 1121 1098 scripsi
1138 1046 1188 1085 ad
1205 1046 1341 1099 Egna-

211 1107 324 1138 tium.

268 1154 388 1202 Quod
415 1154 533 1194 Sfflus
552 1162 589 1193 te
609 1167 699 1193 cum
730 1154 868 1194 Clodio
894 1153 1004 1206 loqui
1033 1154 1143 1201 vult;
1173 1163 1281 1208 potes
1298 1155 1340 1195 id

211 1209 301 1247 mea
340 1209 537 1248 voluntate
573 1209 719 1248 facere:
751 1208 1068 1261 commodiusque
1104 1216 1174 1258 est,
1222 1223 1343 1262 quam

213 1262 338 1315 (quod
350 1263 416 1302 ine
434 1277 457 1302 a
473 1276 536 1302 me
553 1263 669 1315 petit)
680 1276 744 1302 me
761 1263 890 1314 ipsum
903 1263 1062 1302 scribere
1080 1263 1130 1301 ad
1144 1263 1341 1303 Clodium.

214 1317 280 1356 De
319 1318 520 1370 mancipiis
562 1317 822 1367 Castricianis,
868 1317 1224 1357 commodissimum
1263 1331 1344 1358 aese

214 1371 341 1420 cred0,
361 1373 571 1424 transigere
589 1372 829 1423 Egnatium:
860 1372 965 1424 quod
983 1372 1128 1420 scribis,
1151 1379 1191 1411 te
1207 1372 1262 1412 ita
1278 1373 1342 1412 fu-

214 1432 350 1465 turum
369 1434 517 1479 putare.
558 1426 663 1465 Cum
683 1426 800 1475 Ovis,
820 1439 965 1478 quaeso,
992 1425 1079 1465 vide
1102 1434 1148 1465 ut
1166 1428 1342 1466 conficia-

216 1487 292 1518 tur.
322 1480 536 1530 Quoniam,
555 1489 601 1519 ut
620 1481 765 1532 scribis,
785 1493 864 1521 nox
883 1488 978 1530 erat,
997 1480 1040 1519 in
1057 1481 1245 1521 hodierna
1261 1482 1342 1536 epi-

218 1535 316 1574 stola
329 1536 443 1587 plura
461 1543 651 1588 exspecto.

439 1699 557 1747 (31.)
586 1696 804 1738 CICERO
833 1695 1055 1737 ATTICO
1083 1696 1125 1736 s.

278 1805 420 1846 Silium
433 1806 604 1845 mutasse
623 1806 865 1855 sententiam,
879 1805 966 1846 Sica
978 1804 1204 1845 mirabatur.
1223 1805 1351 1860 Equi-

223 1859 314 1899 dem
332 1861 457 1913 magis
475 1861 607 1909 miror,
629 1861 747 1913 quod,
768 1874 858 1900 cum
877 1861 918 1899 in
943 1860 1068 1899 filium
1087 1873 1242 1900 causam
1261 1873 1353 1900 oon-

222 1914 351 1964 ferret‚
382 1929 470 1968 quae
488 1916 587 1954 mihi
611 1927 689 1954 non
719 1917 863 1966 injusta
895 1914 1059 1962 videtur,
1088 1914 1222 1967 (habet
1246 1915 1351 1954 enim

226 1970 382 2021 qualem
400 1970 501 2019 vult)
521 1970 576 2009 ais
595 1977 632 2008 te
651 1978 802 2023 putare,
831 1970 863 2009 si
890 1968 1150 2008 addiderimus
1179 1969 1300 2019 aliud,
1327 1982 1352 2008 a

225 2037 304 2076 quo
318 2024 498 2077 refugiat,
518 2037 608 2064 cum
628 2027 677 2064 ab
693 2026 777 2078 ipso
793 2024 836 2064 id
853 2023 968 2063 suerit
994 2023 1242 2073 destinatum,
1261 2035 1354 2064 ven-

226 2078 414 2118 diturum.

281 2133 435 2182 Quaeris
447 2147 471 2173 a
483 2147 561 2183 me,
582 2134 689 2187 quod
707 2146 910 2173 summum
921 2132 1088 2186 pretium
1107 2132 1352 2181 constituam,

227 2194 266 2226 et
284 2195 476 2239 quantum
505 2190 646 2230 anteire
663 2189 754 2230 istos
771 2189 900 2229 hortos
920 2187 1040 2228 Drusi
1057 2202 1068 2228 ε
1098 2187 1237 2228 accessi
1254 2198 1355 2227 nun-
