1498 2401
253 110 334 148 242
445 111 527 150 AD
555 111 846 151 ATTICUM.
880 112 982 150 LIB.
1003 109 1123 151 XVI.
1155 110 1194 147 4.

253 224 293 256 et
318 218 408 257 satis
438 220 610 268 amoenis,
644 221 818 259 consumi
842 219 981 272 potuit,
1008 219 1051 258 in
1076 214 1380 276 peregrinatione

252 273 528 312 consumimus.
558 273 815 314 consolantur
836 274 944 313 haec:
972 280 1040 312 aut
1052 271 1292 325 proderimus
1310 269 1381 307 ah-

254 326 350 378 quid
371 325 571 375 Ciceroni3
602 337 683 376 aut,
704 336 894 380 quantum
913 328 1045 380 profici
1072 325 1204 379 possit,
1228 323 1379 384 judica-

253 380 395 420 bimus.
425 382 578 421 Deinde
607 390 650 421 tu
672 384 756 433 jam
789 384 853 434 (ut
885 396 1007 435 spero,
1034 389 1072 420 et
1096 388 1142 419 ut
1165 375 1375 432 premitus)

253 434 376 474 aderis
393 450 403 474 :
434 437 539 488 quod
557 437 715 489 quidem
735 437 766 476 si
784 437 973 483 acciderit,
994 435 1125 475 omnia
1137 433 1247 472 nobis
1265 438 1378 472 erunt

253 488 424 529 meliora.
454 491 633 530 Maxime
658 499 787 530 autem
812 504 876 530 me
901 491 1008 542 angit
1025 490 1122 529 ratio
1139 488 1378 539 reliquorum

253 555 455 591 meorum;
486 559 574 596 quae
601 559 840 597 quamquam
868 545 1058 597 explicata
1079 551 1198 589 sunt;
1227 549 1375 588 tamen,

253 597 360 648 quod
378 606 415 636 et
433 599 648 638 Dolabellae
675 612 817 638 nomen
842 600 883 638 in
902 600 949 638 iis
976 606 1045 648 est,
1066 606 1104 638 et
1131 595 1379 636 attributione

253 652 352 689 mihi
366 653 524 692 nomina
541 654 686 705 ignota,
702 656 930 700 conturb013
952 666 1022 692 nec
1039 666 1103 691 me
1120 652 1202 690 ulla
1219 662 1278 689 res
1295 661 1381 687 ma-

252 705 312 756 gis
344 707 453 758 angit
477 720 525 746 ex
556 709 747 747 omnibus.
778 709 918 760 Itaque
945 720 1023 746 non
1047 706 1146 745 mihi
1164 704 1294 744 videor
1321 716 1380 742 er-

254 759 371 807 rasse,
392 761 497 812 quod
515 762 564 799 ad
583 763 755 800 Balbum
782 762 915 814 scripsi
941 761 1122 813 apertius,
1146 765 1206 808 ut,
1232 758 1265 797 si
1283 756 1379 810 quid

254 814 330 852 tale
342 815 550 862 accidisset,
571 824 616 854 ut
634 829 711 854 non
726 823 991 855 concurrerent
1009 815 1180 862 nomina,
1201 811 1381 852 subveni-

253 875 336 913 τεὺς
366 881 506 920 meque
524 869 594 908 tibi
613 870 729 908 etiam
748 870 964 917 mandasse,
976 880 1036 918 ut,
1050 869 1081 907 si
1099 867 1195 921 quid
1213 868 1380 916 ejusmo-

252 921 294 958 di
321 923 528 970 accidisset,
556 936 645 962 cum
677 937 721 963 eo
746 924 1073 963 communicares:
1113 921 1219 974 quod
1245 920 1375 967 facies,

253 975 288 1013 si
306 976 377 1015 tibi
392 977 595 1028 videbitur,
616 991 737 1031 eoque
755 978 893 1030 magis,
913 979 945 1017 si
962 976 1208 1030 proficisceris
1224 975 1267 1014 in
1280 974 1380 1027 Epi-

254 1042 358 1068 rum.

309 1084 408 1123 Haec
426 1098 496 1137 ego
515 1086 769 1125 conscendens
788 1100 808 1125 e
824 1087 1062 1139 Pompeiano
1076 1085 1200 1125 tribus
1212 1082 1378 1123 actuari-

252 1138 338 1188 olis,
372 1139 505 1178 decem
538 1141 701 1180 scalmis.
740 1142 888 1180 Brutus
914 1148 994 1181 erat
1022 1141 1063 1178 in
1090 1138 1237 1178 Neside
1260 1138 1378 1177 etiam

253 1203 371 1241 nunc,
393 1194 560 1246 Neapoli
581 1194 752 1235 Cassius.
783 1195 937 1247 Ecquid
956 1208 1062 1234 amas
1080 1193 1324 1241 Deiotarum,
1340 1199 1378 1230 et

253 1257 332 1285 non
351 1260 457 1286 amas
478 1249 641 1288 Hieram
659 1252 676 1288 Ρ
706 1249 788 1302 qui,
808 1258 853 1288 ut
870 1249 1091 1289 Blesamius
1106 1248 1210 1288 venit
1227 1246 1279 1286 ad
1295 1258 1376 1293 me,

252 1313 344 1339 cum
373 1302 408 1340 ei
431 1304 696 1356 praescriptum
715 1313 825 1352 esset,
851 1317 901 1343 ne
919 1304 1014 1356 quid
1033 1304 1114 1342 sine
1132 1301 1242 1341 Sexti
1259 1299 1379 1339 nostri

251 1357 437 1395 sententia
456 1365 611 1408 ageret3
641 1370 767 1409 neque
791 1357 840 1396 ad
865 1358 994 1402 illum..
1014 1369 1140 1410 neque
1165 1355 1216 1395 ad
1241 1367 1378 1408 quem-

254 1422 375 1460 quam
394 1414 581 1457 nostrum,
601 1412 745 1450 retulit.

308 1465 479 1502 Atticam
511 1473 679 1504 nostram
717 1466 830 1518 cupio
861 1468 1058 1505 absentem
1090 1464 1256 1504 suaviari
1270 1479 1282 1503 ε
1321 1463 1378 1503 ita

251 1516 350 1555 mihi
368 1518 491 1557 dulcis
509 1520 611 1558 salus
630 1520 710 1558 visa
729 1527 797 1567 est,
826 1534 895 1572 per
917 1528 954 1559 te
975 1520 1092 1558 missa
1119 1521 1168 1559 ab
1186 1519 1267 1558 illa.
1295 1519 1377 1558 Re-

252 1570 349 1662 fpres
373 1572 492 1624 igitur
515 1573 550 1612 ei
574 1574 810 1627 plurimam3
840 1575 1010 1628 itemque
1030 1575 1142 1614 Piliae
1167 1573 1284 1623 dioes,
1311 1585 1376 1613 ve-

282 1637 335 1663 m.

483 1789 574 1841 (4.)
607 1789 822 1831 CICERO
850 1791 1077 1832 ATTICO
1106 1791 1147 1830 S.

310 1894 373 1935 Ita
392 1904 436 1935 ut
452 1897 535 1936 heri
554 1899 624 1938 tibi
643 1900 809 1948 narravi,
826 1901 887 1940 vel
903 1901 1061 1940 fortasse
1078 1898 1206 1946 hodie,
1227 1897 1376 1947 (Quin-

251 1955 316 1989 tus
335 1951 439 1989 enim
458 1953 576 1991 altero
599 1953 660 1992 die
679 1968 717 1993 se
735 1955 878 2003 aiebat)
905 1955 946 1993 in
966 1954 1114 1994 Nesida
1131 1953 1244 1993 VIII
1265 1953 1374 1992 Idus.

252 2003 318 2043 Ibi
336 2006 496 2044 Brutus.
536 2007 670 2055 Quam
694 2009 760 2048 ille
778 2009 901 2048 doluit
920 2009 968 2048 de
993 2008 1118 2048 Nonis
1142 2009 1170 2030 ‘⁶
1183 2009 1313 2047 Juliis
1325 2007 1374 2046 .'''

250 2059 410 2098 mirifice
433 2068 489 2099 est
507 2065 764 2102 conturbatus.
795 2062 934 2116 Itaque
953 2077 1032 2102 sese
1050 2063 1281 2114 scripturum
1299 2061 1378 2100 aie-

248 2113 328 2161 bat,
349 2121 394 2152 ut
412 2115 652 2155 venationem
671 2118 802 2167 etiam,
823 2132 911 2170 quae
928 2117 1110 2170 postridie
1127 2116 1239 2155 ludos
1257 2115 1376 2168 Apol-

249 2166 390 2207 linares
407 2168 540 2208 futura
567 2179 640 2218 est,
658 2173 935 2223 proscriberent
961 2174 990 2195 “
1010 2172 1081 2210 III
1102 2171 1197 2210 Idus
1217 2170 1378 2216 Quinti-

248 2222 344 2260 les?
383 2223 485 2262 Libo
503 2224 706 2265 intervenit
722 2240 732 2265 :
763 2227 797 2267 is
816 2227 1036 2275 Philonem,
1066 2224 1243 2278 Pompeii
1259 2224 1375 2265 liber-
