1498 2401
386 69 469 110 AD
497 68 785 111 ATTICUM.
815 70 917 109 Lm.
947 67 1070 108 x1v.
1103 68 1168 108 19.
1264 67 1340 106 201

437 178 554 232 (19.)
586 178 802 219 CICERO
832 177 1052 218 ATTICO
1080 178 1122 217 s,

277 286 404 326 Nonis
421 286 542 326 Maiis
562 301 651 326 cum
671 300 794 327 essem
812 288 853 327 in
873 287 1126 339 Pompeiano,
1150 284 1278 338 accepi
1288 284 1350 323 bi-

220 352 290 379 nas
308 354 332 379 a
349 348 387 380 te
399 341 542 390 literas,
563 343 700 381 alteras
718 350 825 381 sexto
843 342 919 390 die,
940 343 1077 380 alteras
1095 348 1245 393 quarto.
1283 338 1347 377 Ad

219 395 430 446 superiores
448 396 566 447 igitur
589 397 708 449 prius.
739 397 874 445 Quam
898 396 997 435 mihi
1022 395 1255 445 jucundum,
1276 406 1346 445 op-

220 458 385 500 portune
413 450 484 488 tibi
512 452 724 490 Barnaeum
748 451 877 490 literas
904 449 1139 489 reddidisse!
1171 449 1238 487 Tu
1258 460 1347 486 vero

219 515 312 542 cum
325 503 472 553 Cassio,
485 513 530 544 ut
543 513 688 544 caetera.
719 506 854 554 Quam
869 504 1069 544 commode
1081 511 1226 546 autem,
1243 501 1349 554 quod

221 557 263 595 id
279 557 423 609 ipsum,
453 560 559 610 quod
585 573 650 598 me
677 573 826 608 mones,
847 559 1054 612 quatriduo
1080 566 1168 596 ante
1190 556 1240 595 ad
1259 569 1350 594 eum

222 612 461 672 scripseram,
488 615 791 668 exemplumque
814 626 992 653 maerum
1015 612 1215 651 literarum
1234 611 1284 649 ad
1312 618 1351 649 te

222 678 417 705 miseram.

279 721 369 770 Sed,
399 735 489 760 cum
515 723 731 762 Dolabellae
763 738 892 771 ατισιᾳ
923 722 993 767 (sic
1019 722 1123 760 enim
1147 728 1190 758 tu
1217 719 1266 758 ad
1288 731 1353 757 me

224 774 444 827 seripseras)
471 778 615 829 magna
634 778 896 830 desperatione
914 777 1072 816 affectus
1092 787 1238 819 essemg
1270 786 1354 812 ecce

225 829 296 867 tibi
315 837 352 868 et
374 831 491 869 Bruti
513 842 550 870 et
576 840 654 871 tuae
668 833 800 871 literae.
840 832 916 870 Ille
941 831 1122 871 exsilium
1144 828 1350 867 meditari:

225 896 296 922 nos
315 892 445 924 autem
464 886 584 924 alium
602 895 759 938 portum
778 886 996 939 propiorem
1015 885 1106 923 huic
1126 883 1230 922 aetati
1248 882 1355 921 vide-

226 939 365 977 bamus
382 953 394 985 ;
424 939 463 978 in
491 954 609 992 quem
627 942 786 980 mallem
805 941 985 992 equidem
1004 938 1175 991 pervehi,
1196 938 1356 976 florente

224 992 352 1031 Bruto
369 1002 511 1043 nostro,
527 996 809 1047 constitutaque
823 993 1029 1046 republica.
1059 993 1136 1032 Sed
1149 1005 1254 1030 nunc
1269 992 1357 1043 qui-

224 1046 329 1095 dem,
351 1056 395 1086 ut
414 1050 559 1098 scribis,
580 1062 658 1088 non
680 1058 814 1088 utrum
829 1050 910 1088 vis:
942 1047 1133 1087 assentiris
1158 1046 1262 1085 enim
1280 1045 1357 1083 mi-

225 1100 282 1148 hi,
313 1110 483 1142 nostram
512 1112 667 1143 aetatem
692 1118 716 1143 a
745 1104 891 1154 castris,
921 1102 1134 1155 praesertim
1162 1100 1354 1150 civilibus,

229 1155 444 1196 abhorrere.

280 1209 477 1251 Antonius
496 1213 545 1251 ad
563 1226 627 1253 me
646 1221 800 1252 tantum
819 1213 866 1252 de
885 1212 1023 1252 Clodio
1045 1210 1252 1262 rescripsit,
1271 1222 1356 1248 me-

226 1277 292 1303 am
309 1266 508 1305 lenitatem
537 1276 576 1306 et
602 1268 845 1307 clementiam
875 1275 912 1306 et
939 1266 1011 1305 sibi
1035 1279 1114 1304 esse
1133 1273 1297 1316 gratam,
1319 1271 1357 1302 et

226 1320 326 1358 mihi
343 1321 532 1373 voluptati
550 1335 703 1374 magnae
726 1322 819 1361 fore.
857 1322 935 1361 Sed
953 1322 1083 1359 Pansa
1106 1319 1233 1357 furere
1252 1317 1358 1357 vide-

227 1380 292 1412 tur
309 1374 358 1413 de
376 1375 526 1426 Clodio,
553 1376 725 1429 itemque
747 1377 796 1415 de
811 1375 1023 1420 Deiotar03
1055 1382 1091 1412 et
1105 1373 1278 1425 loquitur
1300 1385 1358 1410 se-

228 1441 328 1477 vere,
349 1429 381 1468 si
399 1430 492 1469 velis
510 1431 672 1470 eredere.
703 1431 811 1470 Illud
828 1439 958 1469 tamen
974 1442 1052 1467 non
1066 1429 1181 1474 belle,
1196 1435 1242 1465 ut
1260 1426 1358 1464 mihi

227 1483 387 1535 quidem
406 1484 571 1535 videtur,
593 1486 697 1538 quod
716 1486 863 1525 factum
883 1484 1099 1523 Dolabellae
1110 1482 1356 1521 vehementer

226 1537 431 1589 improbat.
460 1539 524 1578 De
542 1541 743 1589 coronatis,
764 1553 855 1579 cum
873 1539 1011 1579 sororis
1029 1546 1108 1576 tuae
1125 1536 1229 1575 filius
1248 1549 1271 1574 a
1288 1549 1358 1587 pa-

228 1599 287 1630 tre
315 1602 514 1633 accusatus
538 1603 647 1643 esset,
678 1595 884 1647 rescripsit,
914 1607 952 1633 se
975 1604 1155 1632 coronam
1177 1590 1358 1629 habuisse

227 1646 382 1686 honoris
402 1648 562 1688 Caesaris
581 1651 721 1696 causfig
751 1650 922 1702 posuisse
935 1649 1062 1687 luctas
1087 1646 1238 1698 gratiat
1268 1657 1358 1696 pos-

228 1708 366 1749 tremo,
387 1715 427 1741 se
444 1703 606 1743 libenter
624 1705 942 1756 vituperationem
965 1702 1106 1749 subire,
1127 1699 1232 1753 quod
1251 1712 1358 1738 ama-

229 1764 288 1793 ret
307 1756 424 1795 etiam
442 1767 641 1797 mortuum
661 1760 866 1799 Caesarem.

283 1809 353 1849 Ad
372 1811 636 1862 Dolabellam,
656 1812 988 1866 quemadmodum
1003 1811 1075 1850 tibi
1086 1809 1179 1848 dieis
1192 1809 1358 1861 placere,

233 1865 366 1917 scripsi
403 1866 628 1918 diligenter:
662 1882 732 1920 ego
763 1868 879 1907 etiam
909 1866 960 1905 ad
993 1866 1142 1905 Sicam:
1181 1864 1253 1902 tibi
1284 1863 1359 1902 hoc

232 1920 358 1958 oneris
376 1932 454 1958 non
472 1921 630 1973 impono
647 1938 658 1962 ι
688 1923 778 1961 nolo
797 1930 835 1960 te
853 1922 968 1960 illum
986 1920 1128 1958 iratum
1148 1919 1304 1956 habere.

289 1973 411 2012 Servii
441 1976 651 2015 orationem
676 1989 889 2028 cognoscog
918 1975 960 2013 in
990 1974 1071 2027 qua
1093 1973 1184 2025 plus
1213 1971 1364 2009 timoris

235 2027 360 2076 video,
373 2041 493 2080 quam
511 2031 659 2069 oonsilii
672 2046 684 2070 ε
715 2031 797 2078 sed,
818 2029 1004 2083 quoniam
1021 2025 1212 2081 perterriti
1229 2037 1365 2064 omnes

235 2094 385 2130 sumus,
398 2084 580 2123 assentior
595 2086 738 2125 Servio.
760 2085 956 2124 Publilius
970 2091 1098 2122 tecum
1113 2081 1271 2120 tricatus
1286 2087 1363 2119 esta

237 2135 315 2175 huc
333 2137 436 2176 enim
459 2136 636 2179 Caerellia
661 2140 778 2179 missa
799 2141 849 2178 ab
872 2139 955 2177 isfis
974 2145 1029 2176 est
1046 2137 1175 2187 legata
1198 2133 1249 2173 ad
1275 2146 1365 2172 me:

236 2190 303 2228 cui
321 2191 431 2232 facile
451 2194 636 2245 persuasi,
664 2195 763 2234 mihi
784 2194 839 2243 id,
868 2192 973 2245 quod
998 2198 1163 2243 rogaret,
1182 2201 1233 2228 ne
1254 2188 1370 2228 licere
