1498 2401
290 145 374 185 AD
402 145 456 194 Q.
484 144 784 185 FRATREM.
813 144 915 184 Lm.
942 144 978 183 L
1004 146 1045 185 3.
1138 149 1219 188 293

89 260 171 294 tam
196 252 338 294 misera
365 262 524 306 tamque
548 254 653 306 turpi
676 253 757 293 vita
782 253 1036 293 commorari:
1065 261 1125 303 ut,
1145 255 1215 307 qui

89 307 206 347 modo
235 307 351 347 fratre
375 308 530 358 fuerim,
549 308 694 358 liberis,
715 309 891 359 conjuge,
912 307 1044 360 copiis,
1075 322 1214 371 genere

89 362 174 414 ipso
205 362 392 424 pecuniae,
433 361 691 410 beatissimus,
737 362 938 414 dignitate,
974 363 1213 425 auctoritate,

90 416 384 465 existimatione,
399 417 524 469 gratia
541 429 619 455 non
630 416 799 465 inferior,
813 429 932 468 quam
951 417 1019 468 qui
1037 429 1214 470 unquam

89 470 246 509 fuerunt
265 471 518 523 amplissimi3
547 471 580 510 is
598 483 716 520 nunc,
734 471 776 508 in
794 471 866 509 hac
879 478 960 508 tam
972 471 1113 510 afflicta
1126 485 1214 523 per-

88 524 248 576 ditaque
260 524 430 575 fortuna,
445 538 571 578 neque
584 538 648 564 me
661 537 786 578 neque
795 537 900 563 meos
918 524 1050 576 lugere
1067 524 1215 564 diutius

162 579 248 617 sim.

90 592 292 682 posQuare,
313 632 408 686 quid
439 634 490 673 ad
515 647 580 673 me
608 632 790 685 scripsisti
820 631 869 671 de
894 632 1212 684 permutatione?

89 687 202 739 quasi
219 700 309 726 vero
337 700 441 728 nunc
470 702 534 727 me
563 700 641 727 non
671 695 749 726 tuae
767 687 966 726 facultates
987 687 1209 725 sustineant.
1268 691 1273 696 “

88 742 211 789 Qua'
201 753 241 779 111
261 753 302 780 re
315 742 400 794 ipsa
417 743 528 782 video
544 743 660 782 miser
675 750 713 781 et
730 741 865 788 sentio,
877 741 973 792 quid
985 741 1132 779 sceleris
1145 741 1214 779 ad-

90 795 276 844 miserim,
295 809 386 835 cum
405 796 453 836 de
467 797 672 845 visceribus
687 796 762 834 tuis
782 803 820 834 et
837 794 908 833 filii
926 794 986 833 tui
998 794 1212 833 satisfactu-

90 862 157 888 rus
175 849 239 898 sis‚
267 850 408 902 quibus
426 850 570 896 debes;
601 863 685 902 ego,
709 856 904 900 acceptam
922 861 970 887 ex
989 849 1121 887 aerario
1145 862 1213 900 pe·

89 903 246 942 cuniam
273 911 340 942 tuo
369 905 525 943 nomine
549 904 693 943 frustra
724 902 954 954 dissiparim.
986 902 1061 941 Sed
1080 910 1210 942 tamen

90 964 128 996 et
147 957 211 996 Μ.
233 958 423 1006 Antonio,
450 965 642 1010 quantum
662 964 704 995 tu
725 956 941 1008 scripseram,
962 963 1000 995 et
1021 956 1209 1008 Caepioni‚

91 1012 335 1050 tantumdem
363 1013 533 1051 solutum
553 1019 630 1051 est:
664 1010 776 1060 mihi,
797 1010 845 1049 ad
870 1010 911 1048 id
939 1010 1044 1062 quod
1071 1010 1209 1062 cogito,

90 1065 177 1113 hoc,
198 1065 302 1118 quod
329 1066 466 1114 habeo,
487 1066 576 1105 satis
602 1073 668 1105 est.
712 1065 802 1104 Sive
831 1064 934 1103 enim
958 1064 1210 1112 restituimur,

91 1119 170 1158 sive
185 1120 444 1172 desperamur‚
465 1121 563 1159 nihil
577 1120 744 1172 amplius
762 1132 858 1171 opus
877 1126 943 1158 est.
974 1118 1055 1165 Tu,
1072 1119 1103 1157 si
1114 1118 1211 1157 forte

91 1174 187 1226 quid
206 1175 278 1212 erit
294 1174 493 1223 molestiae,
518 1183 556 1213 te
581 1175 631 1213 ad
660 1174 841 1213 Crassum
872 1180 909 1211 et
934 1172 984 1211 ad
1015 1172 1212 1211 Calidium

89 1228 276 1275 conferas,
314 1241 458 1268 censeo.
507 1228 713 1277 Quantum
745 1226 954 1266 Hortensio
979 1226 1211 1266 credendum

91 1282 154 1330 sit,
171 1283 306 1322 nescio.
337 1283 409 1322 Me
428 1283 581 1322 summa
601 1282 844 1322 simulatione
863 1281 1016 1328 amoris,
1037 1280 1211 1319 summa-

91 1349 169 1388 que
194 1337 416 1376 assiduitate
434 1337 673 1389 quotidiana‚
704 1335 987 1375 sceleratissime
1006 1334 1212 1374 insidiosis-

90 1390 263 1443 simeque
281 1392 469 1440 tractavit,
490 1392 672 1441 adjuncto
691 1403 845 1442 quoque
870 1389 983 1428 Arrio
1001 1404 1012 1427 :
1042 1402 1211 1441 quorum

91 1457 162 1496 ego
175 1445 356 1493 consiliis,
368 1445 579 1497 promissis,
596 1445 809 1498 praeceptis,
825 1444 1044 1493 destitutus,
1059 1443 1101 1482 in
1112 1443 1212 1482 hanc

89 1499 348 1539 calamitatem
362 1500 489 1539 incidi

145 1553 222 1593 Sed
238 1554 321 1593 haec
338 1554 558 1603 occultabis‚
578 1566 628 1593 ne
647 1553 741 1606 quid
759 1552 897 1593 obsint.
928 1551 1035 1592 Illud
1053 1558 1210 1591 caveto·

91 1614 129 1647 et
154 1621 198 1646 eo
217 1616 326 1659 pum,
346 1622 414 1660 per
430 1609 693 1661 Pomponium
719 1607 930 1647 fovendum
956 1606 1027 1645 tibi
1054 1619 1134 1644 ense
1151 1606 1212 1658 ip.

92 1674 180 1701 sum
194 1662 464 1711 Hortensium,
484 1676 533 1703 ne
550 1663 616 1702 ille
634 1675 779 1709 versus,
795 1661 864 1714 qui
881 1661 923 1699 in
942 1667 980 1699 te
999 1667 1081 1699 erat
1097 1660 1213 1699 colla-

92 1722 155 1754 tus
175 1729 266 1755 cum
298 1717 517 1757 aedilitatem
541 1719 713 1770 petebas,
742 1716 791 1755 de
808 1717 893 1767 lege
917 1713 1096 1777 Aurelia,
1115 1714 1213 1753 falso

91 1770 308 1809 testimonio
322 1772 578 1811 confirmetur.
608 1772 721 1810 Nihil
732 1771 836 1810 enim
854 1778 935 1809 tam
949 1769 1081 1817 timeo,
1095 1781 1215 1820 quam

91 1837 154 1873 ne,
172 1838 262 1863 cum
284 1825 501 1878 intelligant
521 1826 710 1874 homines,
731 1832 922 1877 quantum
946 1822 1214 1862 misericordiae

91 1879 202 1919 nobis
219 1886 297 1918 tuae
314 1893 443 1931 preces
461 1888 500 1920 et
522 1888 591 1919 tua
608 1881 711 1919 salus
729 1880 893 1918 allatura
910 1878 974 1927 sit,
989 1882 1215 1938 oppugnent

91 1941 130 1972 te
147 1934 424 1973 vehementius.
465 1935 678 1974 Messalam
706 1934 764 1973 tui
783 1933 997 1972 studiosum
1016 1945 1095 1970 esse
1113 1930 1214 1970 arbi-

90 1995 194 2027 tror:
225 1989 459 2041 Pompeium
478 1990 595 2028 etiam
613 1989 877 2028 simulatorem
903 1993 1012 2038 puto.
1038 1986 1115 2025 Sed
1133 1985 1215 2023 haec

89 2042 240 2081 utinam
258 2055 337 2081 non
349 2043 563 2095 experiare!
587 2044 692 2096 quod
704 2055 876 2096 precarer
890 2041 1011 2087 Deos,
1027 2039 1101 2078 nisi
1113 2051 1218 2077 meas

90 2110 218 2149 preces
238 2097 370 2136 audire
388 2098 583 2137 desissent.
613 2098 895 2136 Verumtamen
921 2108 1065 2147 precor,
1094 2101 1139 2132 ut
1156 2092 1217 2131 his

90 2151 251 2191 infinitis
278 2152 416 2191 nostris
448 2153 559 2192 malis
587 2152 755 2192 contenti
780 2151 883 2190 sint:
913 2150 954 2188 in
979 2149 1121 2201 quibus
1139 2159 1217 2185 non

91 2206 206 2246 modo
225 2216 354 2246 tamen
370 2207 539 2247 nullius·
529 2215 627 2247 mest
640 2206 783 2260 peccati
794 2204 984 2297 111ἑ31111ἑ1ς
1012 2202 1080 2242 sed
1093 2201 1219 2241 omnis

878 2270 902 2296 c
923 2283 933 2295 .
