<?xml version="1.0" encoding="UTF-8"?>
<!DOCTYPE html PUBLIC "-//W3C//DTD XHTML 1.0 Transitional//EN"
    "http://www.w3.org/TR/xhtml1/DTD/xhtml1-transitional.dtd">
<html xmlns="http://www.w3.org/1999/xhtml" xml:lang="en" lang="en">
 <head>
  <title>
</title>
<meta http-equiv="Content-Type" content="text/html;charset=utf-8" />
  <meta name='ocr-system' content='tesseract 3.04.00' />
  <meta name='ocr-capabilities' content='ocr_page ocr_carea ocr_par ocr_line ocrx_word'/>
</head>
<body>
  <div class='ocr_page' id='page_1' title='image "./operaern11ciceuoft_0363.png"; bbox 0 0 1498 2401; ppageno 0'>
   <div class='ocr_carea' id='block_1_1' title="bbox 348 93 1226 134">
    <p class='ocr_par' dir='ltr' id='par_1_1' title="bbox 348 93 1226 134">
     <span class='ocr_line' id='line_1_1' title="bbox 348 93 1226 134; baseline 0 -2"><span class='ocrx_word' id='word_1_1' title='bbox 348 94 431 133; x_wconf 68' lang='lat' dir='ltr'><strong>AD</strong></span> <span class='ocrx_word' id='word_1_2' title='bbox 460 94 720 134; x_wconf 74' lang='lat' dir='ltr'><strong>BRUTUM.</strong></span> <span class='ocrx_word' id='word_1_3' title='bbox 751 93 910 133; x_wconf 74' lang='lat' dir='ltr'><strong>Ems&#39;r.</strong></span> <span class='ocrx_word' id='word_1_4' title='bbox 931 96 969 131; x_wconf 86' lang='lat'><strong>5.</strong></span> <span class='ocrx_word' id='word_1_5' title='bbox 1147 93 1226 132; x_wconf 73' lang='lat'><strong>349</strong></span> 
     </span>
    </p>
   </div>
   <div class='ocr_carea' id='block_1_2' title="bbox 100 200 1234 849">
    <p class='ocr_par' dir='ltr' id='par_1_2' title="bbox 107 200 1233 363">
     <span class='ocr_line' id='line_1_2' title="bbox 108 200 1231 253; baseline 0 -14"><span class='ocrx_word' id='word_1_6' title='bbox 108 201 297 253; x_wconf 86' lang='lat' dir='ltr'><strong>cupiscere</strong></span> <span class='ocrx_word' id='word_1_7' title='bbox 314 206 456 253; x_wconf 77' lang='lat' dir='ltr'><strong>posse?</strong></span> <span class='ocrx_word' id='word_1_8' title='bbox 485 203 632 252; x_wconf 90' lang='lat' dir='ltr'><strong>Quare,</strong></span> <span class='ocrx_word' id='word_1_9' title='bbox 646 211 730 242; x_wconf 88' lang='lat' dir='ltr'><strong>tum</strong></span> <span class='ocrx_word' id='word_1_10' title='bbox 751 211 788 242; x_wconf 91' lang='lat' dir='ltr'><strong>et</strong></span> <span class='ocrx_word' id='word_1_11' title='bbox 806 202 1027 241; x_wconf 85' lang='lat' dir='ltr'><strong>felicitatem</strong></span> <span class='ocrx_word' id='word_1_12' title='bbox 1047 210 1084 240; x_wconf 93' lang='lat' dir='ltr'><strong>et</strong></span> <span class='ocrx_word' id='word_1_13' title='bbox 1101 200 1231 253; x_wconf 78' lang='lat' dir='ltr'><strong>provi-</strong></span> 
     </span>
     <span class='ocr_line' id='line_1_3' title="bbox 107 254 1233 317; baseline 0.001 -25"><span class='ocrx_word' id='word_1_14' title='bbox 107 254 278 294; x_wconf 87' lang='lat' dir='ltr'><strong>dentiam</strong></span> <span class='ocrx_word' id='word_1_15' title='bbox 299 257 466 295; x_wconf 88' lang='lat' dir='ltr'>laudabo</span> <span class='ocrx_word' id='word_1_16' title='bbox 485 264 608 305; x_wconf 84' lang='lat' dir='ltr'><strong>tuam,</strong></span> <span class='ocrx_word' id='word_1_17' title='bbox 630 270 720 296; x_wconf 90' lang='lat' dir='ltr'><strong>cum</strong></span> <span class='ocrx_word' id='word_1_18' title='bbox 740 258 982 317; x_wconf 85' lang='lat' dir='ltr'><strong>exploratum</strong></span> <span class='ocrx_word' id='word_1_19' title='bbox 1000 256 1141 294; x_wconf 91' lang='lat' dir='ltr'><strong>habere</strong></span> <span class='ocrx_word' id='word_1_20' title='bbox 1159 268 1233 293; x_wconf 89' lang='lat' dir='ltr'><strong>coe-</strong></span> 
     </span>
     <span class='ocr_line' id='line_1_4' title="bbox 107 309 1232 371; baseline -0.001 -24"><span class='ocrx_word' id='word_1_21' title='bbox 107 322 213 371; x_wconf 78' lang='lat' dir='ltr'><strong>pero,</strong></span> <span class='ocrx_word' id='word_1_22' title='bbox 235 310 426 349; x_wconf 87' lang='lat' dir='ltr'><strong>Caesarem</strong></span> <span class='ocrx_word' id='word_1_23' title='bbox 444 311 667 360; x_wconf 82' lang='lat' dir='ltr'><strong>honoribus,</strong></span> <span class='ocrx_word' id='word_1_24' title='bbox 689 325 785 363; x_wconf 84' lang='lat' dir='ltr'><strong>quos</strong></span> <span class='ocrx_word' id='word_1_25' title='bbox 804 311 1002 363; x_wconf 88' lang='lat' dir='ltr'><strong>acceperit,</strong></span> <span class='ocrx_word' id='word_1_26' title='bbox 1023 309 1232 349; x_wconf 76' lang='lat' dir='ltr'><strong>extraordi-</strong></span> 
     </span>
    </p>

    <p class='ocr_par' dir='ltr' id='par_1_3' title="bbox 106 363 576 404">
     <span class='ocr_line' id='line_1_5' title="bbox 106 363 576 404; baseline 0.004 -3"><span class='ocrx_word' id='word_1_27' title='bbox 106 363 223 401; x_wconf 89' lang='lat' dir='ltr'><strong>nariis</strong></span> <span class='ocrx_word' id='word_1_28' title='bbox 242 364 322 403; x_wconf 91' lang='lat' dir='ltr'><strong>fore</strong></span> <span class='ocrx_word' id='word_1_29' title='bbox 340 373 576 404; x_wconf 88' lang='lat' dir='ltr'><strong>contentum.</strong></span> 
     </span>
    </p>

    <p class='ocr_par' dir='ltr' id='par_1_4' title="bbox 101 418 1232 579">
     <span class='ocr_line' id='line_1_6' title="bbox 162 418 1230 472; baseline 0.002 -17"><span class='ocrx_word' id='word_1_30' title='bbox 162 418 313 456; x_wconf 84' lang='lat' dir='ltr'><strong>Alienae</strong></span> <span class='ocrx_word' id='word_1_31' title='bbox 329 419 462 471; x_wconf 84' lang='grc'>1311111,</span> <span class='ocrx_word' id='word_1_32' title='bbox 483 419 647 471; x_wconf 77' lang='lat' dir='ltr'>inquies,</span> <span class='ocrx_word' id='word_1_33' title='bbox 664 420 788 472; x_wconf 84' lang='lat' dir='ltr'><strong>culpae</strong></span> <span class='ocrx_word' id='word_1_34' title='bbox 807 433 871 458; x_wconf 89' lang='lat' dir='ltr'><strong>me</strong></span> <span class='ocrx_word' id='word_1_35' title='bbox 889 432 998 458; x_wconf 86' lang='lat' dir='ltr'><strong>reum</strong></span> <span class='ocrx_word' id='word_1_36' title='bbox 1019 418 1230 469; x_wconf 85' lang='lat' dir='ltr'><strong>subjicies?</strong></span> 
     </span>
     <span class='ocr_line' id='line_1_7' title="bbox 107 471 1232 525; baseline 0.001 -16"><span class='ocrx_word' id='word_1_37' title='bbox 107 471 270 510; x_wconf 86' lang='lat' dir='ltr'><strong>Prorsus</strong></span> <span class='ocrx_word' id='word_1_38' title='bbox 278 473 425 521; x_wconf 87' lang='lat' dir='ltr'><strong>alienae,</strong></span> <span class='ocrx_word' id='word_1_39' title='bbox 440 474 471 512; x_wconf 90' lang='lat' dir='ltr'><strong>si</strong></span> <span class='ocrx_word' id='word_1_40' title='bbox 483 474 672 525; x_wconf 84' lang='lat' dir='ltr'><strong>provideri</strong></span> <span class='ocrx_word' id='word_1_41' title='bbox 679 475 820 525; x_wconf 89' lang='lat' dir='ltr'><strong>potuit,</strong></span> <span class='ocrx_word' id='word_1_42' title='bbox 828 487 877 512; x_wconf 92' lang='lat' dir='ltr'><strong>ne</strong></span> <span class='ocrx_word' id='word_1_43' title='bbox 889 474 1095 512; x_wconf 80' lang='lat' dir='ltr'><strong>exsisteret.</strong></span> <span class='ocrx_word' id='word_1_44' title='bbox 1112 471 1232 520; x_wconf 86' lang='lat' dir='ltr'><strong>Quod</strong></span> 
     </span>
     <span class='ocr_line' id='line_1_8' title="bbox 101 525 1146 579; baseline 0.002 -17"><span class='ocrx_word' id='word_1_45' title='bbox 101 525 252 564; x_wconf 88' lang='lat' dir='ltr'><strong>utinam</strong></span> <span class='ocrx_word' id='word_1_46' title='bbox 269 527 480 579; x_wconf 84' lang='lat' dir='ltr'><strong>inspectare</strong></span> <span class='ocrx_word' id='word_1_47' title='bbox 499 528 618 579; x_wconf 88' lang='lat' dir='ltr'><strong>possis</strong></span> <span class='ocrx_word' id='word_1_48' title='bbox 638 528 816 566; x_wconf 89' lang='lat' dir='ltr'><strong>timorem</strong></span> <span class='ocrx_word' id='word_1_49' title='bbox 836 528 883 566; x_wconf 91' lang='lat' dir='ltr'><strong>de</strong></span> <span class='ocrx_word' id='word_1_50' title='bbox 901 529 969 566; x_wconf 88' lang='lat' dir='ltr'><strong>illo</strong></span> <span class='ocrx_word' id='word_1_51' title='bbox 987 528 1146 565; x_wconf 82' lang='lat' dir='ltr'><strong>meum!</strong></span> 
     </span>
    </p>

    <p class='ocr_par' dir='ltr' id='par_1_5' title="bbox 100 580 1234 849">
     <span class='ocr_line' id='line_1_9' title="bbox 160 580 1227 633; baseline 0 -15"><span class='ocrx_word' id='word_1_52' title='bbox 160 580 236 619; x_wconf 86' lang='lat' dir='ltr'><strong>His</strong></span> <span class='ocrx_word' id='word_1_53' title='bbox 253 581 373 620; x_wconf 90' lang='lat' dir='ltr'><strong>literis</strong></span> <span class='ocrx_word' id='word_1_54' title='bbox 393 582 555 633; x_wconf 83' lang='lat' dir='ltr'><strong>scriptis,</strong></span> <span class='ocrx_word' id='word_1_55' title='bbox 570 590 607 621; x_wconf 91' lang='lat' dir='ltr'><strong>te</strong></span> <span class='ocrx_word' id='word_1_56' title='bbox 627 583 821 620; x_wconf 87' lang='lat' dir='ltr'><strong>consulem</strong></span> <span class='ocrx_word' id='word_1_57' title='bbox 833 582 978 620; x_wconf 84' lang='lat' dir='ltr'><strong>factum</strong></span> <span class='ocrx_word' id='word_1_58' title='bbox 995 581 1227 620; x_wconf 79' lang='lat' dir='ltr'><strong>audivimus.</strong></span> 
     </span>
     <span class='ocr_line' id='line_1_10' title="bbox 104 633 1231 698; baseline 0.001 -27.006"><span class='ocrx_word' id='word_1_59' title='bbox 104 633 142 671; x_wconf 82' lang='grc' dir='ltr'><strong>Γ</strong></span> <span class='ocrx_word' id='word_1_60' title='bbox 144 647 214 672; x_wconf 86' lang='grc'>11111</span> <span class='ocrx_word' id='word_1_61' title='bbox 243 648 332 673; x_wconf 80' lang='lat' dir='ltr'><strong>vero</strong></span> <span class='ocrx_word' id='word_1_62' title='bbox 361 636 544 698; x_wconf 80' lang='lat' dir='ltr'><strong>incipiam</strong></span> <span class='ocrx_word' id='word_1_63' title='bbox 575 649 787 688; x_wconf 85' lang='lat' dir='ltr'><strong>proponere</strong></span> <span class='ocrx_word' id='word_1_64' title='bbox 818 636 918 674; x_wconf 90' lang='lat' dir='ltr'><strong>mihi</strong></span> <span class='ocrx_word' id='word_1_65' title='bbox 944 635 1231 697; x_wconf 84' lang='lat' dir='ltr'><strong>rempublicam</strong></span> 
     </span>
     <span class='ocr_line' id='line_1_11' title="bbox 100 689 1231 739; baseline 0.001 -14"><span class='ocrx_word' id='word_1_66' title='bbox 100 689 262 737; x_wconf 86' lang='lat' dir='ltr'><strong>justam,</strong></span> <span class='ocrx_word' id='word_1_67' title='bbox 284 697 319 727; x_wconf 86' lang='lat' dir='ltr'><strong>et</strong></span> <span class='ocrx_word' id='word_1_68' title='bbox 335 691 418 739; x_wconf 74' lang='lat' dir='ltr'><strong>Jam</strong></span> <span class='ocrx_word' id='word_1_69' title='bbox 438 691 516 729; x_wconf 88' lang='lat' dir='ltr'><strong>suis</strong></span> <span class='ocrx_word' id='word_1_70' title='bbox 538 691 594 728; x_wconf 68' lang='grc'>1111</span> <span class='ocrx_word' id='word_1_71' title='bbox 581 699 724 729; x_wconf 90' lang='lat' dir='ltr'><strong>entem</strong></span> <span class='ocrx_word' id='word_1_72' title='bbox 744 691 902 739; x_wconf 90' lang='lat' dir='ltr'><strong>viribus,</strong></span> <span class='ocrx_word' id='word_1_73' title='bbox 925 690 954 728; x_wconf 89' lang='lat' dir='ltr'><strong>si</strong></span> <span class='ocrx_word' id='word_1_74' title='bbox 973 691 1071 728; x_wconf 88' lang='lat' dir='ltr'><strong>istuc</strong></span> <span class='ocrx_word' id='word_1_75' title='bbox 1090 689 1231 727; x_wconf 74' lang='lat' dir='ltr'><strong>videro.</strong></span> 
     </span>
     <span class='ocr_line' id='line_1_12' title="bbox 106 741 1234 796; baseline 0.001 -17"><span class='ocrx_word' id='word_1_76' title='bbox 106 741 230 780; x_wconf 89' lang='lat' dir='ltr'><strong>Filius</strong></span> <span class='ocrx_word' id='word_1_77' title='bbox 249 744 362 792; x_wconf 87' lang='lat' dir='ltr'><strong>valet,</strong></span> <span class='ocrx_word' id='word_1_78' title='bbox 399 752 435 783; x_wconf 92' lang='lat' dir='ltr'><strong>et</strong></span> <span class='ocrx_word' id='word_1_79' title='bbox 460 745 500 783; x_wconf 90' lang='grc'><strong>111</strong></span> <span class='ocrx_word' id='word_1_80' title='bbox 531 745 802 784; x_wconf 84' lang='lat' dir='ltr'><strong>Macedoniam</strong></span> <span class='ocrx_word' id='word_1_81' title='bbox 828 758 919 783; x_wconf 89' lang='lat' dir='ltr'><strong>cum</strong></span> <span class='ocrx_word' id='word_1_82' title='bbox 945 744 1117 796; x_wconf 84' lang='lat' dir='ltr'><strong>equitatu</strong></span> <span class='ocrx_word' id='word_1_83' title='bbox 1136 756 1234 795; x_wconf 73' lang='lat' dir='ltr'><strong>prae-</strong></span> 
     </span>
     <span class='ocr_line' id='line_1_13' title="bbox 105 797 878 849; baseline 0.001 -14"><span class='ocrx_word' id='word_1_84' title='bbox 105 797 243 836; x_wconf 87' lang='lat' dir='ltr'><strong>missus</strong></span> <span class='ocrx_word' id='word_1_85' title='bbox 259 806 325 836; x_wconf 87' lang='lat' dir='ltr'><strong>est.</strong></span> <span class='ocrx_word' id='word_1_86' title='bbox 358 798 494 837; x_wconf 89' lang='lat' dir='ltr'><strong>Idibus</strong></span> <span class='ocrx_word' id='word_1_87' title='bbox 513 799 646 849; x_wconf 88' lang='lat' dir='ltr'><strong>Maiis,</strong></span> <span class='ocrx_word' id='word_1_88' title='bbox 668 813 716 838; x_wconf 88' lang='lat' dir='ltr'><strong>ex</strong></span> <span class='ocrx_word' id='word_1_89' title='bbox 735 799 878 838; x_wconf 87' lang='lat' dir='ltr'><strong>castris.</strong></span> 
     </span>
    </p>
   </div>
   <div class='ocr_carea' id='block_1_3' title="bbox 347 962 988 1015">
    <p class='ocr_par' dir='ltr' id='par_1_6' title="bbox 347 962 988 1015">
     <span class='ocr_line' id='line_1_14' title="bbox 347 962 988 1015; baseline -0.009 -7"><span class='ocrx_word' id='word_1_90' title='bbox 347 962 435 1015; x_wconf 85' lang='lat'><strong>(5.)</strong></span> <span class='ocrx_word' id='word_1_91' title='bbox 475 963 688 1004; x_wconf 84' lang='lat' dir='ltr'>CICERO</span> <span class='ocrx_word' id='word_1_92' title='bbox 717 963 920 1003; x_wconf 84' lang='lat' dir='ltr'>BRUTO</span> <span class='ocrx_word' id='word_1_93' title='bbox 949 965 988 1003; x_wconf 89' lang='lat' dir='ltr'><strong>s.</strong></span> 
     </span>
    </p>
   </div>
   <div class='ocr_carea' id='block_1_4' title="bbox 98 1070 1234 1397">
    <p class='ocr_par' dir='ltr' id='par_1_7' title="bbox 98 1070 1234 1397">
     <span class='ocr_line' id='line_1_15' title="bbox 155 1070 1234 1124; baseline -0.005 -10"><span class='ocrx_word' id='word_1_94' title='bbox 155 1071 485 1122; x_wconf 80' lang='lat' dir='ltr'><strong>(Argumentum.</strong></span> <span class='ocrx_word' id='word_1_95' title='bbox 502 1095 557 1102; x_wconf 93' lang='lat'><strong>—</strong></span> <span class='ocrx_word' id='word_1_96' title='bbox 572 1073 711 1112; x_wconf 83' lang='lat' dir='ltr'><strong>Scribit</strong></span> <span class='ocrx_word' id='word_1_97' title='bbox 723 1087 746 1111; x_wconf 90' lang='lat' dir='ltr'><strong>a</strong></span> <span class='ocrx_word' id='word_1_98' title='bbox 760 1081 894 1111; x_wconf 86' lang='lat' dir='ltr'><strong>senatu</strong></span> <span class='ocrx_word' id='word_1_99' title='bbox 912 1070 1140 1124; x_wconf 84' lang='lat' dir='ltr'><strong>permissam</strong></span> <span class='ocrx_word' id='word_1_100' title='bbox 1153 1082 1234 1109; x_wconf 85' lang='lat' dir='ltr'><strong>esse</strong></span> 
     </span>
     <span class='ocr_line' id='line_1_16' title="bbox 104 1125 1233 1178; baseline 0.001 -15"><span class='ocrx_word' id='word_1_101' title='bbox 104 1125 261 1164; x_wconf 82' lang='lat' dir='ltr'><strong>arbitrio</strong></span> <span class='ocrx_word' id='word_1_102' title='bbox 278 1127 395 1166; x_wconf 90' lang='lat' dir='ltr'><strong>Bruti</strong></span> <span class='ocrx_word' id='word_1_103' title='bbox 414 1141 496 1166; x_wconf 88' lang='lat' dir='ltr'><strong>rem</strong></span> <span class='ocrx_word' id='word_1_104' title='bbox 515 1128 562 1166; x_wconf 85' lang='lat' dir='ltr'><strong>de</strong></span> <span class='ocrx_word' id='word_1_105' title='bbox 582 1127 788 1165; x_wconf 68' lang='lat' dir='ltr'><strong>Dolabella</strong></span> <span class='ocrx_word' id='word_1_106' title='bbox 807 1125 1080 1178; x_wconf 86' lang='lat' dir='ltr'><strong>persequendo,</strong></span> <span class='ocrx_word' id='word_1_107' title='bbox 1103 1126 1150 1164; x_wconf 91' lang='lat' dir='ltr'><strong>de</strong></span> <span class='ocrx_word' id='word_1_108' title='bbox 1169 1126 1233 1164; x_wconf 72' lang='lat' dir='ltr'><strong>ea-</strong></span> 
     </span>
     <span class='ocr_line' id='line_1_17' title="bbox 102 1180 1233 1231; baseline -0.001 -13"><span class='ocrx_word' id='word_1_109' title='bbox 102 1193 178 1231; x_wconf 92' lang='lat' dir='ltr'><strong>que</strong></span> <span class='ocrx_word' id='word_1_110' title='bbox 204 1194 319 1219; x_wconf 84' lang='lat' dir='ltr'><strong>suum</strong></span> <span class='ocrx_word' id='word_1_111' title='bbox 339 1182 541 1220; x_wconf 86' lang='lat' dir='ltr'><strong>consilium</strong></span> <span class='ocrx_word' id='word_1_112' title='bbox 562 1182 750 1221; x_wconf 83' lang='lat' dir='ltr'><strong>ostendit.</strong></span> <span class='ocrx_word' id='word_1_113' title='bbox 783 1181 908 1219; x_wconf 87' lang='lat' dir='ltr'><strong>filium</strong></span> <span class='ocrx_word' id='word_1_114' title='bbox 935 1193 1052 1218; x_wconf 85' lang='grc'>51111111</span> <span class='ocrx_word' id='word_1_115' title='bbox 1077 1193 1116 1218; x_wconf 90' lang='grc'><strong>58</strong></span> <span class='ocrx_word' id='word_1_116' title='bbox 1134 1180 1233 1217; x_wconf 86' lang='lat' dir='ltr'><strong>velle</strong></span> 
     </span>
     <span class='ocr_line' id='line_1_18' title="bbox 98 1233 1233 1288; baseline 0 -17"><span class='ocrx_word' id='word_1_117' title='bbox 98 1233 140 1271; x_wconf 91' lang='lat' dir='ltr'><strong>in</strong></span> <span class='ocrx_word' id='word_1_118' title='bbox 159 1234 364 1286; x_wconf 86' lang='lat' dir='ltr'><strong>collegium</strong></span> <span class='ocrx_word' id='word_1_119' title='bbox 376 1237 603 1288; x_wconf 88' lang='lat' dir='ltr'><strong>pontificum</strong></span> <span class='ocrx_word' id='word_1_120' title='bbox 621 1236 818 1274; x_wconf 89' lang='lat' dir='ltr'><strong>minorum</strong></span> <span class='ocrx_word' id='word_1_121' title='bbox 834 1237 1029 1273; x_wconf 87' lang='lat' dir='ltr'><strong>absentem</strong></span> <span class='ocrx_word' id='word_1_122' title='bbox 1042 1234 1233 1286; x_wconf 75' lang='lat' dir='ltr'><strong>cooptari3</strong></span> 
     </span>
     <span class='ocr_line' id='line_1_19' title="bbox 102 1287 1234 1342; baseline -0.001 -16"><span class='ocrx_word' id='word_1_123' title='bbox 102 1288 220 1340; x_wconf 89' lang='lat' dir='ltr'><strong>idque</strong></span> <span class='ocrx_word' id='word_1_124' title='bbox 238 1302 306 1340; x_wconf 90' lang='lat' dir='ltr'><strong>per</strong></span> <span class='ocrx_word' id='word_1_125' title='bbox 330 1291 433 1342; x_wconf 87' lang='lat' dir='ltr'><strong>leges</strong></span> <span class='ocrx_word' id='word_1_126' title='bbox 460 1291 676 1329; x_wconf 86' lang='lat' dir='ltr'><strong>Domitiam</strong></span> <span class='ocrx_word' id='word_1_127' title='bbox 702 1298 738 1328; x_wconf 92' lang='lat' dir='ltr'><strong>et</strong></span> <span class='ocrx_word' id='word_1_128' title='bbox 757 1291 785 1328; x_wconf 84' lang='lat' dir='ltr'><em>J</em></span> <span class='ocrx_word' id='word_1_129' title='bbox 789 1290 910 1327; x_wconf 78' lang='lat' dir='ltr'><strong>uliam</strong></span> <span class='ocrx_word' id='word_1_130' title='bbox 932 1289 1014 1327; x_wconf 88' lang='lat' dir='ltr'><strong>fieri</strong></span> <span class='ocrx_word' id='word_1_131' title='bbox 1039 1302 1126 1339; x_wconf 72' lang='lat' dir='ltr'><strong>poss</strong></span> <span class='ocrx_word' id='word_1_132' title='bbox 1128 1301 1148 1326; x_wconf 89' lang='lat' dir='ltr'><strong>e</strong></span> <span class='ocrx_word' id='word_1_133' title='bbox 1168 1287 1234 1326; x_wconf 89' lang='lat' dir='ltr'><strong>de-</strong></span> 
     </span>
     <span class='ocr_line' id='line_1_20' title="bbox 99 1341 1150 1397; baseline -0.001 -16"><span class='ocrx_word' id='word_1_134' title='bbox 99 1351 314 1390; x_wconf 82' lang='lat' dir='ltr'><strong>monstrat3</strong></span> <span class='ocrx_word' id='word_1_135' title='bbox 348 1345 396 1383; x_wconf 88' lang='lat' dir='ltr'><strong>de</strong></span> <span class='ocrx_word' id='word_1_136' title='bbox 415 1358 493 1397; x_wconf 90' lang='lat' dir='ltr'><strong>quo</strong></span> <span class='ocrx_word' id='word_1_137' title='bbox 511 1344 741 1384; x_wconf 87' lang='lat' dir='ltr'><strong>sententiam</strong></span> <span class='ocrx_word' id='word_1_138' title='bbox 760 1344 877 1382; x_wconf 84' lang='lat' dir='ltr'><strong>Bruti</strong></span> <span class='ocrx_word' id='word_1_139' title='bbox 897 1343 993 1381; x_wconf 88' lang='grc'>58118</span> <span class='ocrx_word' id='word_1_140' title='bbox 1011 1343 1128 1395; x_wconf 80' lang='lat' dir='ltr'><strong>cupit.</strong></span> <span class='ocrx_word' id='word_1_141' title='bbox 1134 1341 1150 1392; x_wconf 94' lang='lat'><em>)</em></span> 
     </span>
    </p>
   </div>
   <div class='ocr_carea' id='block_1_5' title="bbox 611 1422 722 1428">
    <p class='ocr_par' dir='ltr' id='par_1_8' title="bbox 611 1422 722 1428">
     <span class='ocr_line' id='line_1_21' title="bbox 611 1422 722 1428; baseline 0 0"><span class='ocrx_word' id='word_1_142' title='bbox 611 1422 722 1428; x_wconf 95' lang='lat' dir='ltr'><strong> </strong></span> 
     </span>
    </p>
   </div>
   <div class='ocr_carea' id='block_1_6' title="bbox 96 1451 1242 2319">
    <p class='ocr_par' dir='ltr' id='par_1_9' title="bbox 96 1451 1238 2048">
     <span class='ocr_line' id='line_1_22' title="bbox 155 1451 1234 1504; baseline -0.001 -13"><span class='ocrx_word' id='word_1_143' title='bbox 155 1453 207 1491; x_wconf 94' lang='lat' dir='ltr'><strong>A.</strong></span> <span class='ocrx_word' id='word_1_144' title='bbox 227 1453 265 1491; x_wconf 89' lang='lat' dir='ltr'><strong>d.</strong></span> <span class='ocrx_word' id='word_1_145' title='bbox 290 1453 331 1491; x_wconf 93' lang='lat' dir='ltr'>V</span> <span class='ocrx_word' id='word_1_146' title='bbox 353 1452 544 1493; x_wconf 87' lang='lat' dir='ltr'><strong>Calendas</strong></span> <span class='ocrx_word' id='word_1_147' title='bbox 563 1453 707 1500; x_wconf 81' lang='lat' dir='ltr'><strong>Maias,</strong></span> <span class='ocrx_word' id='word_1_148' title='bbox 736 1465 825 1491; x_wconf 91' lang='lat' dir='ltr'><strong>cum</strong></span> <span class='ocrx_word' id='word_1_149' title='bbox 854 1452 901 1490; x_wconf 92' lang='lat' dir='ltr'><strong>de</strong></span> <span class='ocrx_word' id='word_1_150' title='bbox 928 1453 989 1500; x_wconf 86' lang='lat' dir='ltr'><strong>iis,</strong></span> <span class='ocrx_word' id='word_1_151' title='bbox 1020 1452 1089 1504; x_wconf 87' lang='lat' dir='ltr'><strong>qui</strong></span> <span class='ocrx_word' id='word_1_152' title='bbox 1107 1451 1234 1490; x_wconf 89' lang='lat' dir='ltr'><strong>hostes</strong></span> 
     </span>
     <span class='ocr_line' id='line_1_23' title="bbox 96 1506 1234 1559; baseline -0.002 -14"><span class='ocrx_word' id='word_1_153' title='bbox 96 1507 259 1557; x_wconf 83' lang='lat' dir='ltr'><strong>judicati</strong></span> <span class='ocrx_word' id='word_1_154' title='bbox 278 1515 381 1555; x_wconf 90' lang='lat' dir='ltr'><strong>sunt,</strong></span> <span class='ocrx_word' id='word_1_155' title='bbox 402 1508 503 1546; x_wconf 93' lang='lat' dir='ltr'><strong>bello</strong></span> <span class='ocrx_word' id='word_1_156' title='bbox 531 1507 817 1559; x_wconf 80' lang='lat' dir='ltr'><strong>persequendis,</strong></span> <span class='ocrx_word' id='word_1_157' title='bbox 843 1506 1040 1545; x_wconf 83' lang='lat' dir='ltr'><strong>sententiae</strong></span> <span class='ocrx_word' id='word_1_158' title='bbox 1064 1506 1234 1544; x_wconf 88' lang='lat' dir='ltr'><strong>diceren-</strong></span> 
     </span>
     <span class='ocr_line' id='line_1_24' title="bbox 100 1560 1234 1609; baseline -0.001 -10"><span class='ocrx_word' id='word_1_159' title='bbox 100 1568 178 1609; x_wconf 87' lang='lat' dir='ltr'><strong>tur,</strong></span> <span class='ocrx_word' id='word_1_160' title='bbox 199 1562 298 1600; x_wconf 84' lang='lat' dir='ltr'><strong>dixit</strong></span> <span class='ocrx_word' id='word_1_161' title='bbox 316 1562 500 1601; x_wconf 89' lang='lat' dir='ltr'><strong>Servilius</strong></span> <span class='ocrx_word' id='word_1_162' title='bbox 523 1563 640 1601; x_wconf 89' lang='lat' dir='ltr'><strong>etiam</strong></span> <span class='ocrx_word' id='word_1_163' title='bbox 666 1561 713 1599; x_wconf 91' lang='lat' dir='ltr'><strong>de</strong></span> <span class='ocrx_word' id='word_1_164' title='bbox 735 1561 932 1609; x_wconf 84' lang='lat' dir='ltr'><strong>Ventidio,</strong></span> <span class='ocrx_word' id='word_1_165' title='bbox 954 1569 992 1599; x_wconf 92' lang='lat' dir='ltr'><strong>et</strong></span> <span class='ocrx_word' id='word_1_166' title='bbox 1014 1568 1059 1599; x_wconf 92' lang='lat' dir='ltr'><strong>ut</strong></span> <span class='ocrx_word' id='word_1_167' title='bbox 1078 1560 1234 1599; x_wconf 84' lang='lat' dir='ltr'><strong>Cassius</strong></span> 
     </span>
     <span class='ocr_line' id='line_1_25' title="bbox 99 1614 1232 1667; baseline -0.002 -13"><span class='ocrx_word' id='word_1_168' title='bbox 99 1623 391 1667; x_wconf 83' lang='lat' dir='ltr'><strong>persequeretur</strong></span> <span class='ocrx_word' id='word_1_169' title='bbox 409 1617 669 1655; x_wconf 85' lang='lat' dir='ltr'><strong>Dolabellam.</strong></span> <span class='ocrx_word' id='word_1_170' title='bbox 702 1614 780 1655; x_wconf 93' lang='lat' dir='ltr'><strong>Cui</strong></span> <span class='ocrx_word' id='word_1_171' title='bbox 791 1629 881 1653; x_wconf 90' lang='lat' dir='ltr'><strong>cum</strong></span> <span class='ocrx_word' id='word_1_172' title='bbox 901 1628 1023 1654; x_wconf 81' lang='lat' dir='ltr'><strong>essem</strong></span> <span class='ocrx_word' id='word_1_173' title='bbox 1042 1627 1232 1661; x_wconf 84' lang='lat' dir='ltr'><strong>assensus,</strong></span> 
     </span>
     <span class='ocr_line' id='line_1_26' title="bbox 100 1669 1235 1723; baseline -0.002 -15"><span class='ocrx_word' id='word_1_174' title='bbox 100 1669 247 1708; x_wconf 88' lang='lat' dir='ltr'><strong>decrevi</strong></span> <span class='ocrx_word' id='word_1_175' title='bbox 266 1669 339 1709; x_wconf 88' lang='lat' dir='ltr'><strong>hoc</strong></span> <span class='ocrx_word' id='word_1_176' title='bbox 358 1671 540 1723; x_wconf 87' lang='lat' dir='ltr'><strong>amplius,</strong></span> <span class='ocrx_word' id='word_1_177' title='bbox 562 1679 607 1710; x_wconf 90' lang='lat' dir='ltr'><strong>ut</strong></span> <span class='ocrx_word' id='word_1_178' title='bbox 624 1679 682 1719; x_wconf 88' lang='lat' dir='ltr'><strong>tu,</strong></span> <span class='ocrx_word' id='word_1_179' title='bbox 711 1671 743 1708; x_wconf 92' lang='lat' dir='ltr'><strong>si</strong></span> <span class='ocrx_word' id='word_1_180' title='bbox 763 1670 987 1708; x_wconf 83' lang='lat' dir='ltr'><strong>arbitrarere</strong></span> <span class='ocrx_word' id='word_1_181' title='bbox 1005 1670 1116 1716; x_wconf 90' lang='lat' dir='ltr'><strong>utile,</strong></span> <span class='ocrx_word' id='word_1_182' title='bbox 1137 1681 1235 1720; x_wconf 88' lang='lat' dir='ltr'><strong>eque</strong></span> 
     </span>
     <span class='ocr_line' id='line_1_27' title="bbox 101 1723 1235 1777; baseline -0.001 -16"><span class='ocrx_word' id='word_1_183' title='bbox 101 1737 143 1762; x_wconf 90' lang='lat' dir='ltr'><strong>re</strong></span> <span class='ocrx_word' id='word_1_184' title='bbox 171 1724 329 1776; x_wconf 66' lang='lat' dir='ltr'><strong>publica</strong></span> <span class='ocrx_word' id='word_1_185' title='bbox 355 1738 448 1773; x_wconf 86' lang='lat' dir='ltr'><strong>esse,</strong></span> <span class='ocrx_word' id='word_1_186' title='bbox 475 1738 742 1777; x_wconf 88' lang='lat' dir='ltr'><strong>persequerere</strong></span> <span class='ocrx_word' id='word_1_187' title='bbox 767 1725 870 1762; x_wconf 91' lang='lat' dir='ltr'><strong>bello</strong></span> <span class='ocrx_word' id='word_1_188' title='bbox 895 1723 1172 1762; x_wconf 86' lang='lat' dir='ltr'><strong>Dolabellam:</strong></span> <span class='ocrx_word' id='word_1_189' title='bbox 1203 1723 1235 1761; x_wconf 88' lang='lat' dir='ltr'><strong>si</strong></span> 
     </span>
     <span class='ocr_line' id='line_1_28' title="bbox 99 1778 1237 1831; baseline -0.002 -15"><span class='ocrx_word' id='word_1_190' title='bbox 99 1779 231 1816; x_wconf 89' lang='lat' dir='ltr'><strong>minus</strong></span> <span class='ocrx_word' id='word_1_191' title='bbox 244 1778 285 1815; x_wconf 91' lang='lat' dir='ltr'><strong>id</strong></span> <span class='ocrx_word' id='word_1_192' title='bbox 297 1779 500 1818; x_wconf 89' lang='lat' dir='ltr'><strong>commodo</strong></span> <span class='ocrx_word' id='word_1_193' title='bbox 518 1779 739 1831; x_wconf 81' lang='lat' dir='ltr'><strong>reipublicae</strong></span> <span class='ocrx_word' id='word_1_194' title='bbox 756 1778 879 1817; x_wconf 85' lang='lat' dir='ltr'><strong>facere</strong></span> <span class='ocrx_word' id='word_1_195' title='bbox 897 1791 1041 1830; x_wconf 90' lang='lat' dir='ltr'><strong>posses,</strong></span> <span class='ocrx_word' id='word_1_196' title='bbox 1063 1778 1140 1816; x_wconf 85' lang='lat' dir='ltr'><strong>sive</strong></span> <span class='ocrx_word' id='word_1_197' title='bbox 1159 1789 1237 1815; x_wconf 91' lang='lat' dir='ltr'><strong>non</strong></span> 
     </span>
     <span class='ocr_line' id='line_1_29' title="bbox 100 1832 1237 1885; baseline -0.002 -14"><span class='ocrx_word' id='word_1_198' title='bbox 100 1833 338 1871; x_wconf 83' lang='lat' dir='ltr'><strong>existimares</strong></span> <span class='ocrx_word' id='word_1_199' title='bbox 357 1847 378 1871; x_wconf 90' lang='lat' dir='ltr'><strong>e</strong></span> <span class='ocrx_word' id='word_1_200' title='bbox 397 1847 437 1872; x_wconf 92' lang='lat' dir='ltr'><strong>re</strong></span> <span class='ocrx_word' id='word_1_201' title='bbox 451 1834 608 1885; x_wconf 72' lang='lat' dir='ltr'><strong>publica</strong></span> <span class='ocrx_word' id='word_1_202' title='bbox 620 1847 712 1882; x_wconf 89' lang='lat' dir='ltr'><strong>esse,</strong></span> <span class='ocrx_word' id='word_1_203' title='bbox 722 1841 767 1871; x_wconf 89' lang='lat' dir='ltr'><strong>ut</strong></span> <span class='ocrx_word' id='word_1_204' title='bbox 779 1833 820 1871; x_wconf 87' lang='lat' dir='ltr'><strong>in</strong></span> <span class='ocrx_word' id='word_1_205' title='bbox 832 1832 970 1871; x_wconf 90' lang='lat' dir='ltr'><strong>iisdem</strong></span> <span class='ocrx_word' id='word_1_206' title='bbox 988 1832 1080 1870; x_wconf 91' lang='grc'>10815</span> <span class='ocrx_word' id='word_1_207' title='bbox 1093 1832 1237 1870; x_wconf 84' lang='lat' dir='ltr'><strong>exerci-</strong></span> 
     </span>
     <span class='ocr_line' id='line_1_30' title="bbox 100 1885 1238 1939; baseline -0.001 -15"><span class='ocrx_word' id='word_1_208' title='bbox 100 1894 187 1924; x_wconf 88' lang='lat' dir='ltr'><strong>tum</strong></span> <span class='ocrx_word' id='word_1_209' title='bbox 218 1887 442 1926; x_wconf 87' lang='lat' dir='ltr'><strong>contineres.</strong></span> <span class='ocrx_word' id='word_1_210' title='bbox 482 1888 597 1926; x_wconf 88' lang='lat' dir='ltr'><strong>Nihil</strong></span> <span class='ocrx_word' id='word_1_211' title='bbox 622 1887 935 1926; x_wconf 81' lang='lat' dir='ltr'><strong>honorificentius</strong></span> <span class='ocrx_word' id='word_1_212' title='bbox 959 1886 1086 1939; x_wconf 87' lang='lat' dir='ltr'><strong>potuit</strong></span> <span class='ocrx_word' id='word_1_213' title='bbox 1113 1885 1238 1923; x_wconf 88' lang='lat' dir='ltr'><strong>facere</strong></span> 
     </span>
     <span class='ocr_line' id='line_1_31' title="bbox 101 1940 1237 1993; baseline -0.002 -14"><span class='ocrx_word' id='word_1_214' title='bbox 101 1949 268 1989; x_wconf 86' lang='lat' dir='ltr'><strong>senatus,</strong></span> <span class='ocrx_word' id='word_1_215' title='bbox 290 1955 410 1993; x_wconf 90' lang='lat' dir='ltr'><strong>quam</strong></span> <span class='ocrx_word' id='word_1_216' title='bbox 435 1950 481 1980; x_wconf 90' lang='lat' dir='ltr'><strong>ut</strong></span> <span class='ocrx_word' id='word_1_217' title='bbox 505 1950 620 1981; x_wconf 89' lang='lat' dir='ltr'><strong>tuum</strong></span> <span class='ocrx_word' id='word_1_218' title='bbox 643 1949 739 1981; x_wconf 89' lang='lat' dir='ltr'><strong>esset</strong></span> <span class='ocrx_word' id='word_1_219' title='bbox 759 1941 968 1991; x_wconf 83' lang='lat' dir='ltr'><strong>judicium,</strong></span> <span class='ocrx_word' id='word_1_220' title='bbox 989 1940 1085 1992; x_wconf 92' lang='lat' dir='ltr'><strong>quid</strong></span> <span class='ocrx_word' id='word_1_221' title='bbox 1109 1940 1237 1977; x_wconf 81' lang='lat' dir='ltr'><strong>maxi-</strong></span> 
     </span>
     <span class='ocr_line' id='line_1_32' title="bbox 100 1995 954 2048; baseline 0 -15"><span class='ocrx_word' id='word_1_222' title='bbox 100 2007 164 2033; x_wconf 87' lang='lat' dir='ltr'><strong>me</strong></span> <span class='ocrx_word' id='word_1_223' title='bbox 178 1995 388 2034; x_wconf 87' lang='lat' dir='ltr'><strong>conducere</strong></span> <span class='ocrx_word' id='word_1_224' title='bbox 406 1996 457 2035; x_wconf 89' lang='grc'><strong>181</strong></span> <span class='ocrx_word' id='word_1_225' title='bbox 477 1997 642 2048; x_wconf 86' lang='lat' dir='ltr'><strong>publicae</strong></span> <span class='ocrx_word' id='word_1_226' title='bbox 660 1997 732 2035; x_wconf 89' lang='lat' dir='ltr'><strong>tibi</strong></span> <span class='ocrx_word' id='word_1_227' title='bbox 750 1996 954 2034; x_wconf 89' lang='lat' dir='ltr'><strong>videretur.</strong></span> 
     </span>
    </p>

    <p class='ocr_par' dir='ltr' id='par_1_10' title="bbox 100 2047 1242 2266">
     <span class='ocr_line' id='line_1_33' title="bbox 154 2047 1238 2112; baseline -0.001 -25"><span class='ocrx_word' id='word_1_228' title='bbox 154 2049 357 2101; x_wconf 82' lang='lat' dir='ltr'><strong>Equidem</strong></span> <span class='ocrx_word' id='word_1_229' title='bbox 373 2051 425 2089; x_wconf 83' lang='lat' dir='ltr'><strong>sic</strong></span> <span class='ocrx_word' id='word_1_230' title='bbox 444 2051 579 2112; x_wconf 79' lang='lat' dir='ltr'><strong>sentio,</strong></span> <span class='ocrx_word' id='word_1_231' title='bbox 607 2051 640 2089; x_wconf 91' lang='lat' dir='ltr'><strong>si</strong></span> <span class='ocrx_word' id='word_1_232' title='bbox 662 2063 827 2089; x_wconf 87' lang='lat' dir='ltr'><strong>manum</strong></span> <span class='ocrx_word' id='word_1_233' title='bbox 845 2050 976 2096; x_wconf 88' lang='lat' dir='ltr'><strong>habet,</strong></span> <span class='ocrx_word' id='word_1_234' title='bbox 997 2049 1029 2087; x_wconf 89' lang='grc'><strong>51</strong></span> <span class='ocrx_word' id='word_1_235' title='bbox 1048 2055 1183 2095; x_wconf 86' lang='grc'>835113,</span> <span class='ocrx_word' id='word_1_236' title='bbox 1205 2047 1238 2086; x_wconf 87' lang='grc'><strong>51</strong></span> 
     </span>
     <span class='ocr_line' id='line_1_34' title="bbox 100 2102 1237 2167; baseline -0.002 -25"><span class='ocrx_word' id='word_1_237' title='bbox 100 2103 171 2142; x_wconf 92' lang='lat' dir='ltr'><strong>ubi</strong></span> <span class='ocrx_word' id='word_1_238' title='bbox 189 2104 370 2143; x_wconf 87' lang='lat' dir='ltr'><strong>consistat</strong></span> <span class='ocrx_word' id='word_1_239' title='bbox 387 2105 541 2167; x_wconf 80' lang='lat' dir='ltr'><strong>uspiam</strong></span> <span class='ocrx_word' id='word_1_240' title='bbox 560 2105 781 2159; x_wconf 89' lang='lat' dir='ltr'><strong>Dolabella,</strong></span> <span class='ocrx_word' id='word_1_241' title='bbox 805 2104 856 2143; x_wconf 86' lang='lat' dir='ltr'><strong>ad</strong></span> <span class='ocrx_word' id='word_1_242' title='bbox 883 2104 1001 2142; x_wconf 89' lang='lat' dir='ltr'><strong>fidem</strong></span> <span class='ocrx_word' id='word_1_243' title='bbox 1027 2111 1064 2141; x_wconf 91' lang='lat' dir='ltr'><strong>et</strong></span> <span class='ocrx_word' id='word_1_244' title='bbox 1083 2102 1132 2140; x_wconf 83' lang='lat' dir='ltr'><strong>ad</strong></span> <span class='ocrx_word' id='word_1_245' title='bbox 1151 2102 1237 2153; x_wconf 78' lang='grc'>(113-</span> 
     </span>
     <span class='ocr_line' id='line_1_35' title="bbox 102 2155 1237 2211; baseline -0.002 -15"><span class='ocrx_word' id='word_1_246' title='bbox 102 2158 265 2197; x_wconf 84' lang='lat' dir='ltr'><strong>nitatem</strong></span> <span class='ocrx_word' id='word_1_247' title='bbox 295 2165 404 2197; x_wconf 89' lang='lat' dir='ltr'><strong>tuam</strong></span> <span class='ocrx_word' id='word_1_248' title='bbox 437 2159 641 2211; x_wconf 87' lang='lat' dir='ltr'><strong>pertinere,</strong></span> <span class='ocrx_word' id='word_1_249' title='bbox 669 2173 760 2199; x_wconf 90' lang='lat' dir='ltr'><strong>eum</strong></span> <span class='ocrx_word' id='word_1_250' title='bbox 785 2158 977 2211; x_wconf 87' lang='lat' dir='ltr'><strong>persequi.</strong></span> <span class='ocrx_word' id='word_1_251' title='bbox 1019 2156 1083 2196; x_wconf 89' lang='lat' dir='ltr'><strong>De</strong></span> <span class='ocrx_word' id='word_1_252' title='bbox 1112 2155 1237 2196; x_wconf 90' lang='lat' dir='ltr'><strong>Cassii</strong></span> 
     </span>
     <span class='ocr_line' id='line_1_36' title="bbox 100 2211 1242 2266; baseline -0.001 -16"><span class='ocrx_word' id='word_1_253' title='bbox 100 2212 222 2251; x_wconf 79' lang='lat' dir='ltr'><strong>nostri</strong></span> <span class='ocrx_word' id='word_1_254' title='bbox 254 2213 373 2266; x_wconf 88' lang='lat' dir='ltr'><strong>copiis</strong></span> <span class='ocrx_word' id='word_1_255' title='bbox 402 2214 501 2252; x_wconf 89' lang='lat' dir='ltr'><strong>nihil</strong></span> <span class='ocrx_word' id='word_1_256' title='bbox 526 2214 764 2255; x_wconf 84' lang='lat' dir='ltr'><strong>sciebamus·</strong></span> <span class='ocrx_word' id='word_1_257' title='bbox 795 2226 923 2266; x_wconf 88' lang='lat' dir='ltr'><strong>neque</strong></span> <span class='ocrx_word' id='word_1_258' title='bbox 951 2212 1056 2252; x_wconf 87' lang='lat' dir='ltr'><strong>enim</strong></span> <span class='ocrx_word' id='word_1_259' title='bbox 1083 2213 1132 2252; x_wconf 87' lang='lat' dir='ltr'><strong>ab</strong></span> <span class='ocrx_word' id='word_1_260' title='bbox 1157 2211 1242 2262; x_wconf 87' lang='lat' dir='ltr'><strong>ipso</strong></span> 
     </span>
    </p>

    <p class='ocr_par' dir='ltr' id='par_1_11' title="bbox 154 2268 965 2319">
     <span class='ocr_line' id='line_1_37' title="bbox 154 2268 965 2319; baseline -0.007 -8"><span class='ocrx_word' id='word_1_261' title='bbox 154 2268 324 2319; x_wconf 73' lang='lat' dir='ltr'><strong>(Epist.)</strong></span> <span class='ocrx_word' id='word_1_262' title='bbox 345 2279 554 2309; x_wconf 77' lang='lat' dir='ltr'><strong>v01..111.</strong></span> <span class='ocrx_word' id='word_1_263' title='bbox 885 2269 911 2305; x_wconf 82' lang='lat'><strong>2</strong></span> <span class='ocrx_word' id='word_1_264' title='bbox 932 2278 965 2305; x_wconf 81' lang='lat' dir='ltr'>H</span> 
     </span>
    </p>
   </div>
  </div>
 </body>
</html>
