1498 2401
250 95 329 132 360
482 91 562 130 AD
591 90 856 130 BRUTUM.
884 80 1042 130 Epis-r.
1067 90 1128 131 14.

481 198 596 251 (14.)
624 199 837 239 CICERO
865 199 1062 239 BRUTO
1089 200 1131 239 5.

299 310 625 359 (Argumentum.
643 330 693 337 —
708 308 948 347 Paucitatem
967 315 1005 347 et
1030 307 1255 347 brevitatem
1279 304 1364 357 epi-

244 363 429 402 stolarum
448 363 565 401 Bruti
579 369 729 400 accusat
745 377 756 400 :
785 370 907 414 rogat,
927 370 973 400 ut
989 361 1212 402 Ciceronem
1231 373 1362 400 secum

237 418 411 510 111ῐῖἶί
416 431 443 519 ς)
459 424 509 466 et,
540 417 581 454 in
612 416 767 455 Italiam
800 429 917 468 quam
946 417 1119 469 primum
1148 423 1194 454 ut
1217 415 1360 462 veniat,

288 581 432 619 Breves
466 587 544 618 tuae
575 581 718 618 literae·
753 582 887 618 breves
918 579 1033 618 dico?
1072 580 1194 618 immo
1226 578 1357 617 nullae.

235 633 430 673 Tribusne
447 634 639 673 versiculis
661 635 721 672 his
749 634 986 695 temporibus
1010 633 1159 672 Brutus
1187 633 1237 672 ad
1257 633 1355 671 me?

233 686 332 726 nihil
351 688 581 739 scripsissem
600 688 739 739 potius.
769 688 824 725 Et
843 687 1003 738 requiris
1020 700 1137 726 meas.
1167 686 1269 735 Quis
1283 698 1357 724 un-

231 755 349 794 quam
377 742 426 781 ad
454 750 491 780 te
518 750 674 780 tuorum
704 742 784 780 sine
811 741 907 780 meis
926 742 1060 780 venit?
1097 741 1199 789 Quae
1226 749 1357 780 autem

232 796 391 848 epistola
409 808 487 835 non
506 795 657 847 pondus
684 795 849 833 habuit
836 804 853 834 ,³
884 795 986 843 Quae
1008 795 1040 833 si
1065 795 1114 834 ad
1139 802 1176 834 oe
1200 795 1358 847 perlatae

229 863 307 888 non
336 857 440 897 sunt,
467 862 516 888 ne
540 849 765 887 domesticas
791 849 949 900 quidem
970 855 1056 887 tuas
1074 849 1238 901 perlatas
1256 848 1357 888 arbi-

227 911 318 942 tror.
341 903 516 943 Ciceroni
531 903 663 942 scribis
672 910 710 941 te
723 902 934 954 longiorem
950 902 1039 941 datu
1045 916 1131 941 rum
1143 904 1357 956 epistolam.

230 959 351 998 Recte
377 958 417 996 id
442 957 598 1009 quidem
615 973 623 995 :
658 957 724 996 sed
748 957 830 995 haec
849 970 1004 1008 quoque
1024 957 1157 996 debuit
1176 971 1256 996 esse
1273 958 1357 1010 ple-

228 1012 324 1051 nior.
353 1013 442 1063 Ego
461 1019 605 1055 autem,
627 1024 715 1049 cum
736 1011 785 1049 ad
804 1024 867 1049 me
879 1011 926 1049 de
939 1011 1130 1050 Ciceronis
1145 1014 1214 1050 abs
1228 1022 1266 1050 te
1279 1012 1356 1050 dis-

227 1079 333 1105 cessu
354 1066 575 1117 scripsisses,
597 1065 725 1103 statim
745 1065 892 1103 extrusi
907 1065 1136 1111 tabellarios,
1152 1066 1358 1118 literasque

228 1121 278 1159 ad
294 1121 514 1160 Ciceronem
531 1132 542 1164 ;
565 1127 624 1165 ut,
638 1119 752 1158 etiam
768 1119 799 1157 si
818 1119 857 1157 in
875 1119 1031 1157 Italiam
1051 1120 1229 1166 venisset,
1250 1120 1299 1158 ad
1317 1128 1357 1159 te

226 1175 378 1213 rediret.
409 1174 520 1212 Nihil
536 1173 639 1211 enim
658 1173 756 1211 mihi
772 1174 994 1222 jucundius,
1015 1173 1113 1212 nihil
1137 1175 1199 1212 illi
1219 1175 1358 1214 hones-

226 1230 315 1268 tius.
351 1229 606 1280 Quamquam
636 1228 837 1279 aliquoties
863 1228 897 1266 ei
924 1228 1161 1280 scripseram,
1185 1229 1357 1268 sacerdo·

224 1291 311 1322 tum
331 1283 498 1329 comitia,
512 1283 599 1320 111εὲ1
619 1281 771 1319 summa
783 1282 1037 1330 contentione,
1051 1283 1091 1320 in
1104 1284 1267 1321 alterum
1286 1296 1356 1322 an-

225 1350 323 1376 num
343 1350 421 1375 esse
439 1338 600 1386 rejecta:
623 1336 728 1387 quod
748 1350 818 1387 ego
833 1349 922 1375 curn
938 1336 1130 1375 Ciceronis
1144 1338 1258 1376 6311521
1276 1337 1355 1376 ela-

225 1391 372 1438 boravi,
392 1399 477 1429 tum
497 1390 676 1438 Domitii,
699 1390 870 1439 Catonis,
894 1391 1067 1437 Lentuli,
1089 1392 1350 1438 Bibulorum3

224 1446 330 1498 quod
350 1445 398 1483 ad
418 1453 455 1483 te
474 1446 589 1483 etiam
618 1444 852 1496 scripseram.
893 1445 969 1484 Sed
987 1445 1175 1494 videlicet,
1196 1459 1285 1484 cum
1305 1447 1353 1484 il-

222 1501 303 1538 lam
323 1499 507 1552 pusillam
527 1499 725 1550 epistolam
745 1507 854 1537 tuam
873 1499 922 1537 ad
940 1511 1005 1537 me
1022 1499 1155 1547 dabas,
1177 1500 1352 1539 nondum

222 1562 303 1592 erat
329 1554 399 1592 tibi
431 1553 472 1590 id
504 1561 654 1590 notum.
692 1552 839 1599 Quare,
873 1553 980 1592 omni
1010 1553 1136 1592 studio
1165 1564 1189 1592 a
1218 1562 1351 1601 te‚m1
1296 1555 1351 1593 mi

221 1609 361 1655 Brute,
386 1607 588 1653 contendo,
616 1614 660 1645 ut
685 1606 910 1646 Ciceronem
938 1620 1071 1645 meum
1091 1621 1140 1647 ne
1163 1608 1349 1658 dimittas,

221 1669 429 1713 tecumque
456 1661 647 1699 deducas:
684 1661 789 1712 quod
816 1661 960 1712 ipsum,
995 1662 1026 1700 si
1054 1663 1348 1714 rempublicam,

219 1717 282 1756 cui
301 1723 498 1766 susceptus
517 1728 570 1761 es,
586 1715 753 1766 respicis,
766 1715 867 1753 tibi·
853 1729 935 1765 Jam
951 1717 1112 1768 jamque
1129 1717 1350 1756 faciendum

220 1778 288 1810 est.
329 1771 527 1808 Renatum
558 1769 661 1806 enim
690 1754 837 1807 bellum
869 1778 950 1808 est:
981 1770 1099 1822 idque
1126 1783 1202 1809 non
1229 1784 1349 1833 parvo

220 1826 358 1864 scelere
387 1823 540 1874 Lepidi.
581 1822 786 1861 Exercitus
812 1832 943 1862 autem
965 1823 1141 1873 Caesaris,
1174 1826 1248 1887 qui·
1269 1834 1350 1865 erat

217 1879 403 1931 optimus,
424 1889 501 1915 non
520 1877 636 1915 modo
655 1877 753 1915 nihil
767 1877 937 1939 prodest,
953 1879 1018 1917 sed
1033 1879 1148 1918 etiam
1168 1880 1269 1941 cogit
1283 1893 1351 1918 ex-

218 1934 380 1972 ercitum
398 1940 512 1970 tuum
531 1931 722 1981 flagitari:
754 1932 822 1983 qui
850 1932 880 1970 si
902 1933 1056 1971 Italiam
1076 1934 1257 1985 attigerit,
1278 1934 1350 1973 erit

219 1988 311 2027 civis
335 1999 449 2025 nemo
470 1989 604 2037 (quem
634 1985 792 2036 quidem
818 1986 940 2024 civem
967 1988 1153 2039 appellari
1177 1988 1235 2026 fas
1260 1987 1346 2038 sit),

216 2042 286 2093 qui
305 2054 344 2080 se
358 2053 435 2078 non
454 2039 495 2077 in
514 2046 582 2077 tua
601 2047 722 2077 635113
741 2040 920 2078 conferat.
951 2041 1038 2080 Etsi
1058 2042 1227 2081 Brutum
1247 2056 1346 2095 prae-

215 2096 315 2134 clare
350 2108 439 2133 cum
467 2085 611 2132 Planco
640 2095 888 2143 conjunctum
917 2095 1116 2134 habemus.
1165 2096 1241 2136 Sed
1265 2100 1344 2136 11011

214 2150 384 2201 ignoras,
405 2161 522 2201 quam
550 2148 626 2186 sint
637 2147 772 2187 incerti
783 2149 904 2187 animi
922 2149 1141 2199 hominum,
1163 2159 1200 2190 et
1213 2150 1343 2190 infecti

218 2204 417 2257 partibu83
449 2211 486 2242 et
516 2202 642 2242 exitus
664 2203 1043 2255 111-0111011110.οὼ
1072 2205 1202 2256 etiam,
1228 2205 1261 2244 si
1280 2206 1344 2258 (ut
