1498 2401
386 86 467 124 AD
496 86 761 126 BRUTUM.
791 86 953 125 Ems'r.
974 87 1014 124 3.
1181 87 1262 124 345

132 204 203 232 nec
221 193 315 245 pati,
336 194 622 234 sceleratissimo
640 195 742 234 hosti
766 195 935 234 ludibrio
954 208 1033 234 esse
1051 194 1260 247 imperium

130 247 266 299 populi
295 248 479 297 Romani,
499 248 592 288 facis
617 263 666 288 ex
694 250 764 288 tua
791 250 990 301 dignitate,
1016 257 1054 288 et
1078 262 1098 287 e
1122 262 1163 287 re
1182 262 1257 301 pu-

127 301 240 340 blica„

181 355 301 403 Quod
318 356 449 396 scribis
474 357 522 396 de
547 358 731 397 seditione
750 372 838 410 quae
855 359 956 397 facta
975 366 1030 397 est
1044 358 1084 396 in
1103 358 1255 410 legione

127 410 279 460 quarta,
311 411 359 449 de
388 412 584 461 Antoniis,
618 413 677 465 (in
714 414 857 451 bonam
889 421 1038 465 partem
1076 411 1254 464 accipies)

126 463 250 514 magis
273 465 372 503 mihi
399 468 584 517 probatur
610 467 783 505 militum
812 467 1002 515 severitas,
1028 479 1146 519 quam
1175 474 1256 505 tua.

127 516 188 555 Te
216 519 520 558 benevolentiam
546 521 733 560 exercitus
759 521 1012 572 equitumque
1037 528 1255 572 expertum,

124 571 369 613 vehementer
386 575 547 626 gaudeo.
578 575 642 614 De
661 575 880 623 Dolabella,
895 584 940 613 ut
955 576 1100 623 scribis,
1117 575 1149 612 si
1162 575 1257 626 quid

127 624 244 665 habes
255 628 360 676 novi,
375 629 491 668 facies
510 642 574 668 me
593 629 814 668 certiorem:
846 630 884 667 in
907 642 985 681 quo
1003 629 1115 667 valde
1133 629 1256 667 delec-

128 686 200 728 tor,
221 693 285 720 me
307 690 396 721 ante
424 684 645 735 providisse,
665 693 711 723 ut
734 692 847 723 tuum
870 684 1062 734 judicium
1087 684 1255 721 liberum

126 741 224 772 esset
242 749 332 775 cum
351 737 559 776 Dolabella
583 738 677 777 belli
699 738 880 790 gerendi:
913 745 950 776 et
977 738 1017 775 id
1036 737 1147 775 valde
1166 751 1253 789 per-

126 787 256 839 tinuit,
276 798 321 829 ut
340 804 410 843 ego
435 800 522 830 tum
548 793 827 844 intelligebam,
847 792 897 830 ad
924 805 1007 830 rem
1026 792 1251 844 publicam3

124 849 169 880 ut
187 855 291 882 nunc
305 846 451 895 judico,
472 847 521 884 ad
540 847 768 898 dignitatem
788 855 910 885 tuam.

179 897 299 945 Quod
317 901 462 947 scribis,
488 914 552 940 me
576 902 749 940 maximo
771 900 943 954 [animo]
972 901 1105 952 egisse,
1126 908 1170 939 ut
1189 900 1250 938 in-

122 959 283 991 sectarer
313 954 519 1001 Antonios,
553 955 670 1007 idque
701 956 864 1002 laudas3
910 956 1021 994 credo
1050 955 1105 993 ita
1135 954 1255 993 n'deri

121 1005 193 1044 tibi
209 1021 219 1044 :
242 1007 304 1045 sed
325 1009 434 1047 illam
449 1009 731 1048 distinctionem
746 1017 854 1048 tuam
869 1010 979 1048 nullo
995 1017 1105 1061 pacto
1116 1011 1248 1061 probo.

123 1059 265 1100 Scribis
284 1062 402 1111 enim,
429 1067 458 1086 ‘⁴
478 1065 601 1102 acrius
626 1064 867 1117 prohibenda
884 1064 988 1103 bella
1006 1064 1132 1102 civilia
1158 1076 1250 1111 esse,

118 1126 239 1165 quam
266 1116 307 1154 in
327 1127 525 1169 superatos
539 1119 778 1157 iracundiam
798 1118 1090 1166 exercendam.'’
1121 1117 1252 1156 Vehe-

116 1177 267 1208 menter
295 1184 318 1209 a
345 1179 397 1219 te,
425 1173 563 1222 Brute,
589 1173 798 1211 dissentio:
833 1186 903 1212 nec
932 1172 1144 1211 clementiae
1172 1180 1250 1209 tuae

115 1224 306 1271 concedo3
337 1226 404 1264 sed
432 1227 608 1265 salutaris
636 1227 813 1265 severitas
834 1227 952 1266 vincit
979 1227 1131 1264 inanem
1164 1239 1248 1278 spe-

114 1275 212 1315 ciem
239 1279 462 1319 clementiae.
500 1281 620 1329 Quod
649 1282 682 1319 si
712 1281 917 1319 clementes
946 1294 1026 1320 esse
1049 1281 1245 1328 volumus,

115 1342 319 1384 nunquam
338 1334 500 1373 deerunt
517 1336 620 1374 bella
631 1335 769 1374 civilia.
801 1336 877 1374 Sed
889 1336 936 1373 de
947 1335 1020 1374 hoc
1037 1342 1081 1373 tu
1094 1334 1247 1373 wideris.

113 1384 178 1423 De
195 1399 259 1425 me
277 1401 434 1439 possum
459 1389 579 1437 idem,
607 1389 712 1441 quod
732 1390 938 1428 Plautinus
962 1397 1071 1441 pater
1095 1389 1136 1426 in
1156 1388 1248 1426 Tri,

111 1451 303 1480 nummo:
336 1445 365 1465 “
386 1443 493 1481 Mihi
518 1443 677 1496 quidem
704 1452 794 1482 aetas
818 1452 902 1482 acta
926 1443 1047 1481 ferme
1067 1451 1147 1481 est:
1179 1443 1248 1481 tua

113 1493 212 1533 istuc
241 1496 357 1535 refert
387 1498 600 1536 maxime.”
645 1497 950 1549 Opprimemini,
975 1497 1091 1541 (mihi
1116 1495 1243 1547 crede)

111 1547 250 1597 Brute,
270 1551 345 1589 nisi
362 1552 615 1603 provideritis.
646 1553 787 1604 Neque
807 1552 911 1590 enim
930 1552 1123 1604 populum
1143 1564 1246 1589 sem-

111 1616 181 1654 per
199 1605 380 1643 eumdem
398 1606 602 1655 habebitis,
616 1619 742 1658 neque
765 1614 957 1655 senatum,
978 1618 1103 1657 neque
1121 1605 1245 1644 senati

112 1656 262 1696 ducem.
292 1659 391 1698 Haec
419 1673 468 1699 ex
491 1661 645 1699 oraculo
664 1661 860 1712 Apollinis
886 1660 1021 1713 Pythii
1043 1660 1145 1698 edita
1172 1659 1246 1698 tibi

111 1718 218 1762 puta.
249 1713 363 1752 Nihil
377 1721 501 1766 potest
519 1728 599 1754 esse
617 1715 757 1755 verius.
785 1715 895 1755 XIV
915 1713 1076 1753 Calend.
1094 1713 1239 1753 Maias.

323 1877 405 1930 (3.)
437 1877 500 1918 Μ.
522 1877 573 1916 Τ.
593 1879 639 1919 C.
669 1879 733 1918 M.
759 1878 962 1919 BRUTO
991 1879 1032 1918 S.

167 1986 226 2039 (A
231 1987 812 2037 rgumentum.—Octavianum
826 1988 982 2033 laudat3
998 1993 1035 2024 et
1049 1986 1239 2034 laetitiam,

113 2040 253 2080 Romae
271 2054 291 2080 e
310 2041 468 2081 victoria
485 2043 688 2081 consulum
707 2051 744 2082 et
764 2042 819 2081 D.
839 2042 957 2082 Bruti
975 2048 1113 2086 ortam,
1134 2053 1239 2078 com-

111 2102 324 2134 memorat:
354 2096 623 2135 liberalitatem
647 2099 731 2148 ejus
749 2097 790 2135 in
809 2096 1002 2136 seditionis
1021 2094 1240 2133 auctoribus

110 2149 338 2201 reprehendi
357 2151 510 2198 Romae,
531 2160 569 2190 et
582 2163 716 2191 omnes
731 2151 973 2191 Antonianos
991 2149 1118 2188 hostes
1133 2148 1241 2198 judis

113 2210 220 2254 catos
239 2216 331 2254 esse,
352 2204 513 2257 scribit.)
