1498 2401
366 104 447 144 AD
474 105 743 146 BRUTUM.
770 105 932 146 Ems'r.
968 107 1030 145 18.
1180 107 1261 152 375

134 211 233 252 dum
257 213 394 263 solvas,
422 214 496 253 nisi
517 214 550 253 is
578 215 742 266 dependi
764 214 875 254 facile
899 214 1059 266 patitur,
1089 225 1158 265 pro
1184 226 1263 265 quo

133 268 381 319 spoponderis
398 271 416 307 ἓ
437 269 692 320 Quamquam
712 277 748 308 et
766 269 871 308 hunc
890 274 951 313 (ut
970 275 1095 320 spero)
1110 270 1261 315 tenebo,

134 322 269 361 multis
287 323 603 375 repugnantibus.
634 323 801 362 Videtur
827 324 929 362 enim
957 322 997 361 in
1027 336 1070 361 eo
1097 335 1175 361 esse
1203 322 1264 360 in-

135 375 258 438 doles,
277 377 342 415 sed
360 377 538 416 flexibilis
558 386 662 426 aetas,
692 378 884 429 multique
904 377 953 415 ad
973 376 1263 428 depravandum

134 431 274 482 parati,
309 431 390 493 qui,
423 431 623 493 splendore
655 432 742 470 falsi
769 432 924 470 honoris
953 433 1115 481 objecto,
1142 431 1263 470 aciem

136 485 257 524 boni
246 486 391 537 ingenii
409 486 624 538 praestringi
642 499 750 538 posse
770 486 980 524 confidunt.

190 539 331 592 Itaque
349 540 399 578 ad
414 540 581 592 reliquos
595 540 658 579 1118
675 554 830 592 quoque
848 541 956 578 labor
975 539 1073 577 1111111
1092 539 1263 588 accessit,

131 599 183 632 'ut
210 606 343 633 omnes
365 595 570 633 adhibeam
595 595 793 633 machinas
813 594 862 632 ad
881 594 1092 633 tenendum
1118 594 1266 632 adoles-

134 655 302 697 centem,
318 661 367 687 ne
389 649 536 688 famam
563 651 723 688 subeam
741 649 990 688 temeritatis:
1022 661 1264 700 quamquam

137 715 226 754 quae
245 704 436 743 temeritas
456 704 539 742 est?
568 704 693 756 magis
711 704 814 742 enim
843 703 972 751 iHum,
992 716 1061 754 pro
1082 715 1159 754 quo
1178 715 1266 754 spo-

131 757 271 812 pondi,
292 771 411 810 quam
429 772 507 807 me,
523 759 703 810 obligavi.
733 759 819 797 Nec
836 771 924 796 vero
938 758 1121 810 poenitere
1139 763 1266 808 potest

136 813 432 863 rempublicam,
462 825 526 851 me
557 826 626 865 pro
658 826 701 851 eo
732 812 995 874 spopondisse,
1022 811 1091 864 qui
1119 810 1195 849 fuit
1224 811 1265 849 in

136 867 252 905 rebus
270 867 459 918 gerendis,
487 881 576 906 cum
597 880 666 907 suo
687 867 857 919 ingenio,
884 874 971 906 tum
996 879 1085 905 mea
1103 865 1267 918 promis-

136 919 255 971 sione,
276 922 519 961 constantior.

191 975 396 1015 Maximus
426 984 556 1016 autem
585 977 679 1029 (nisi
697 989 762 1015 me
785 976 884 1015 forte
908 974 1064 1026 fallit)
1054 989 1094 1014 111
1124 989 1165 1014 18
1190 989 1266 1027 pu-

132 1029 238 1069 blica
255 1030 379 1070 nodus
401 1038 458 1070 est
480 1031 611 1084 inopia
638 1031 692 1070 rei
721 1031 963 1084 pecuniariae.
993 1030 1269 1070 obdurescunt

136 1084 243 1123 enim
274 1085 398 1137 magis
432 1087 603 1138 quotidie
632 1086 725 1126 boni
755 1086 827 1125 viri
856 1085 905 1123 ad
934 1098 1066 1124 vocem
1100 1084 1263 1123 tributi:

132 1139 257 1191 quod,
279 1153 327 1178 ex
345 1141 553 1179 centesima
573 1142 756 1180 collatum
786 1139 1006 1192 impudenti
1025 1151 1140 1178 censu
1160 1139 1268 1178 locu-

135 1193 332 1246 pletum,
321 1207 362 1233 m
388 1195 554 1234 duarum
579 1196 776 1247 legionum
802 1194 971 1246 praemiis
996 1206 1110 1233 omne
1129 1206 1267 1232 consu-

136 1248 271 1287 mitur.
301 1249 535 1302 Impendent
546 1258 676 1289 autem
691 1249 834 1287 infiniti
853 1256 1018 1298 sumtus,
1033 1261 1122 1287 cum
1137 1248 1179 1286 in
1197 1248 1268 1286 hos

137 1303 326 1342 exercitus
340 1305 481 1356 quibus
496 1317 600 1343 nunc
619 1304 875 1351 defendimur,
892 1310 977 1341 tum
991 1317 1078 1342 vero
1090 1303 1130 1340 'm
1142 1310 1270 1341 tuum.

137 1356 249 1396 Nam
282 1358 437 1397 Cassius
461 1367 588 1398 noster
607 1359 756 1397 videtur
775 1371 885 1410 posse
914 1358 1003 1396 satis
1031 1365 1187 1396 ornatus
1206 1370 1271 1396 ve-

137 1411 233 1450 nire.
262 1413 338 1451 Sed
357 1421 394 1452 et
412 1413 507 1461 haec,
529 1421 567 1452 et
591 1414 717 1451 multa
736 1412 826 1461 alia,
847 1425 976 1451 coram
1002 1412 1130 1464 cupio,
1151 1411 1269 1463 idque

138 1478 260 1518 quam
278 1480 462 1519 primum.

193 1521 258 1560 De
276 1522 413 1561 sororis
437 1529 515 1560 tuae
544 1521 633 1561 filiis
659 1534 736 1560 non
757 1521 987 1573 exspectavi,
1012 1521 1150 1568 Brute,
1172 1520 1269 1558 dum

133 1575 332 1615 scriberes.
362 1576 538 1616 Omnino
560 1578 642 1627 jam
669 1584 843 1629 tempora
872 1577 1038 1627 (bellum
1065 1576 1168 1614 enim
1198 1574 1271 1613 du-

133 1629 265 1681 oetur)
291 1631 482 1683 integram
514 1632 586 1670 tibi
615 1645 771 1671 causam
797 1639 1002 1670 1eservant.
1031 1630 1109 1670 Sed
1143 1642 1213 1681 ego
1246 1642 1270 1668 a

137 1685 343 1747 principio,
375 1699 464 1724 cum
497 1686 668 1725 divinare
698 1687 746 1725 de
781 1686 876 1724 belli
906 1685 1159 1724 diuturnitate
1190 1696 1269 1722 non

141 1752 308 1801 possem,
321 1740 376 1778 ita
387 1753 543 1779 causam
560 1742 622 1793 831
639 1753 849 1794 puerorum
862 1741 904 1778 in
920 1748 1068 1788 senatu,
1089 1747 1134 1778 ut
1153 1749 1190 1777 te
1209 1752 1270 1777 ar-

132 1793 260 1834 bitror
279 1808 301 1834 e
329 1795 463 1833 matris
481 1795 600 1834 literis
625 1795 795 1848 potuisse
813 1807 1047 1847 cognoscere.
1078 1795 1164 1833 Nec
1183 1805 1273 1832 vero

138 1848 224 1888 ulla
241 1863 300 1888 res
319 1849 390 1888 erit
411 1862 602 1902 unquam,
628 1852 668 1888 in
697 1863 776 1903 qua
795 1863 865 1901 ego
888 1863 965 1888 non
985 1850 1047 1888 vel
1065 1849 1153 1888 vitae
1170 1847 1273 1900 peri-

140 1904 229 1942 culo
254 1917 299 1943 ea
317 1904 458 1952 dicam,
487 1918 607 1957 eaque
625 1905 780 1954 faciam,
803 1918 891 1956 quae
909 1912 947 1943 te
974 1904 1085 1951 velle,
1107 1914 1273 1955 quaeque

138 1958 190 1998 ad
207 1965 245 1999 te
263 1959 465 2012 pertinere,
481 1960 653 1999 arbitrer.
683 1961 795 2000 Vale.
814 1960 877 2001 VI
898 1959 1058 1999 Calend.
1080 1958 1256 1998 Sextiles.
