1498 2401
336 99 418 138 AD
446 97 734 139 ATTICUM.
765 97 865 137 Lm.
890 95 1012 137 XIV.
1036 97 1079 135 Ἰ1.
1196 96 1278 140 179

150 219 291 246 nomen
310 208 505 257 invadere,
534 221 650 261 seque
668 221 739 260 pro
760 214 900 260 nepote
924 206 1029 245 iuius
1055 217 1208 258 gerere:
1241 211 1280 243 et

149 261 356 301 domestica
384 263 562 315 quaedam
595 262 796 314 privatius.
835 262 952 301 Datae
977 268 1069 299 sunt
1099 267 1188 312 post
1217 258 1277 297 Id.

148 315 270 356 Mart.
289 316 339 355 ad
357 317 465 357 XVI
484 317 632 356 circiter
651 316 736 355 Cal.
756 316 787 355 J
789 316 884 354 unii.

373 481 460 530 (1.)
488 480 700 520 CICERO
731 478 945 519 ATTICO
976 481 1003 519 S
1021 507 1032 518 .

202 589 355 629 Diverti
375 590 423 629 ad
442 590 570 639 illum,
590 590 639 629 de
658 603 736 643 quo
755 597 884 629 tecum
902 602 1030 628 mane.
1060 588 1175 627 Nihil
1193 602 1280 641 per-

146 643 290 683 ditius:
321 645 505 697 explicari
524 658 606 683 rem
632 657 708 683 non
728 658 851 696 posse.
881 645 1056 692 Etenim,
1077 643 1109 681 si
1127 644 1194 681 ille
1212 644 1281 681 tali

146 697 302 750 ingenio
321 700 470 737 exitum
494 712 573 738 non
592 700 818 751 reperiebat,
849 699 936 750 quis
955 711 1059 736 nunc
1082 698 1244 749 reperiet
1261 700 1278 737 ?

148 752 259 800 Quid
276 754 440 806 quaeris?
470 754 624 806 periisse
643 754 774 792 omnia
786 754 931 797 aiebat3
957 752 1062 804 quod
1079 752 1187 790 haud
1206 753 1283 791 scio

148 820 198 845 an
213 808 267 846 ita
286 808 357 847 sits
381 821 514 847 verum
530 809 595 846 ille
610 808 805 860 gaudens:
837 807 1132 859 affirmabatque
1150 806 1282 845 minus

149 861 285 901 diebus
310 863 395 902 XX
418 863 634 901 tumultum
666 863 888 901 Gallicum:
919 862 960 899 in
986 874 1204 900 sermonem
1223 874 1278 905 se,

149 925 236 968 post
256 917 352 955 Idus
371 918 550 966 Martias,
572 921 846 969 (praeterquam
867 915 1027 968 Lepidi)
1048 916 1195 954 venisse
1213 928 1283 954 ne-

149 971 290 1010 minis:
321 972 373 1011 ad
402 985 611 1017 summam,
639 984 716 1010 non
747 985 857 1023 posse
886 971 991 1009 istaec
1016 970 1070 1009 sic
1095 970 1211 1008 abire.
1242 969 1281 1008 Ο

150 1026 381 1076 prudentem
409 1027 612 1079 Oppium!
646 1026 714 1078 qui
736 1027 859 1064 nihilo
888 1026 1020 1063 minus
1049 1025 1165 1063 illum
1183 1024 1282 1063 desi-

151 1079 281 1119 derat:
314 1082 379 1120 sed
405 1082 577 1133 loquitur
607 1081 719 1127 nihil,
751 1079 856 1132 quod
875 1091 1114 1132 quemquam
1132 1081 1283 1118 bonum

150 1134 330 1174 offendat.
360 1136 436 1175 Sed
454 1137 536 1174 haec
553 1136 751 1174 hactenus.

206 1190 287 1237 Tu,
305 1204 449 1242 quaeso,
471 1190 662 1242 quidquid
682 1189 785 1237 novi,
809 1188 954 1242 (multa
972 1195 1104 1226 autem
1125 1200 1282 1240 exspec-

149 1243 209 1291 to)
229 1245 390 1283 scribere
408 1258 456 1283 ne
474 1245 647 1296 pigrere:
679 1244 719 1282 in
738 1244 813 1291 his,
841 1243 888 1282 de
903 1244 1022 1282 Sexto
1041 1243 1182 1281 satisne
1201 1255 1281 1281 cer-

151 1306 236 1337 tum
252 1313 265 1345 ;
295 1300 466 1338 maxime
486 1307 616 1337 autem
636 1299 684 1337 de
703 1299 829 1336 Bruto
848 1310 1006 1342 nostro;
1036 1297 1084 1335 de
1103 1310 1182 1349 quo
1196 1297 1284 1348 qui-

149 1352 240 1391 dem
259 1353 339 1401 ille,
357 1354 406 1392 ad
426 1367 543 1406 quem
564 1353 715 1400 diverti,
747 1353 939 1391 Caesarem
959 1351 1118 1390 solitum
1141 1351 1282 1399 dicere,

151 1409 180 1430 “
200 1408 334 1460 magni
359 1408 488 1455 refert,
507 1408 571 1447 hic
590 1407 686 1461 quid
705 1407 821 1446 velit:
853 1406 932 1454 sed,
954 1405 1147 1458 quidquid
1167 1406 1283 1453 volet,

149 1463 262 1502 valde
287 1463 389 1502 volet
403 1464 444 1501 :’'
472 1462 590 1516 idque
619 1476 710 1501 eum
739 1460 1067 1508 animadvertisse,
1095 1473 1185 1499 cum
1214 1474 1286 1512 pro

151 1517 336 1557 Deiotaro
355 1518 490 1556 Niceae
513 1518 678 1562 dicei-eu
710 1516 822 1555 valde
844 1515 1092 1554 vehementer
1117 1528 1208 1554 eum
1228 1515 1286 1553 vi-

151 1585 240 1610 sum
259 1579 297 1611 et
313 1573 433 1612 libere
447 1572 594 1611 dicere:
625 1578 743 1624 atque
769 1571 886 1609 etiam
906 1574 969 1614 (ut
986 1569 1090 1608 enim
1109 1570 1283 1622 quidque

150 1628 350 1677 succurrit,
370 1628 466 1666 libet
479 1625 661 1677 scribere)
681 1626 873 1678 proxime,
895 1637 987 1664 cum
1006 1624 1130 1664 Sextii
1147 1631 1286 1676 rogatu

151 1681 258 1733 apud
283 1695 374 1721 eum
403 1682 578 1730 fuissem,
609 1688 948 1734 exspectaremque
979 1679 1128 1727 sedens,
1156 1678 1285 1731 quoad

150 1748 319 1784 vocarer,
339 1736 482 1775 dixisse
511 1750 616 1784 eum,
647 1740 676 1759 “
696 1736 785 1787 Ego
811 1734 988 1773 dubitem
1009 1734 1105 1786 quin
1132 1746 1287 1772 summo

150 1790 192 1829 in
211 1790 299 1830 odio
311 1791 398 1837 sim,
409 1804 509 1830 *cum
524 1791 585 1830 Μ.
602 1790 737 1832 Cicero
751 1789 894 1837 sedeat,
910 1802 979 1828 nec
995 1801 1064 1827 suo
1082 1788 1287 1827 commodo

152 1858 217 1884 me
235 1847 436 1886 convenire
453 1846 574 1898 possit
585 1847 603 1884 ἱ)
631 1845 774 1897 Atqui,
795 1845 828 1883 si
846 1843 1054 1896 quisquam
1073 1851 1129 1882 est
1147 1843 1284 1892 facilis,

152 1899 216 1939 hic
233 1909 316 1940 aet:
347 1908 478 1940 tamen
491 1913 568 1940 non
584 1900 734 1947 dubito,
756 1900 852 1951 quin
870 1911 935 1937 me
953 1899 1056 1937 male
1075 1897 1239 1937 oderit.”

227 1956 326 1995 Haec
354 1964 392 1994 et
420 1956 611 2006 ejusmodi
647 1955 784 1994 multa.
837 1953 914 1993 Sed
950 1952 1000 1992 ad
1028 1952 1289 2005 propositum.

151 2009 360 2064 Quidquid
367 2010 452 2059 erit,
460 2023 538 2049 non
549 2010 666 2049 modo
678 2021 883 2061 magnum,
892 2007 961 2047 sed
975 2009 1092 2047 etiam
1102 2019 1283 2060 parvum,

153 2065 306 2106 scribes.
336 2064 534 2118 Equidem
552 2065 652 2105 nihil
669 2063 937 2104 intermittam.
