1498 2401
362 122 442 161 AD
472 120 738 163 BRUTUM.
766 121 926 162 EmsT.
946 124 985 162 9.
1152 125 1230 165 353

108 230 241 282 quitur
250 228 442 281 judicium
460 238 570 270 tuum
586 245 598 277 3
628 230 776 283 tibique
793 243 925 270 omnes
942 231 1058 270 fortes
1076 231 1149 270 viri
1162 243 1231 269 na-

109 297 200 323 vare
216 297 371 337 operam
397 292 435 323 et
458 285 628 323 studium
648 286 805 324 volunt:
836 297 906 324 nez:
924 285 1132 337 quisquam
1161 293 1231 333 est,

109 338 206 390 quin
225 338 279 377 ita
297 338 503 386 existimet,
523 352 652 377 meam
671 339 775 391 apud
793 346 831 377 te
850 346 886 377 et
905 339 1069 390 gratiam
1088 346 1125 377 et
1143 352 1234 377 auc-

108 392 302 431 toritatem
321 394 445 431 valere
463 393 691 444 plurimum.
720 393 796 432 Sed
811 394 856 432 C.
874 394 913 431 N
917 394 1131 440 asennium,
1147 406 1235 430 mu-

109 446 276 497 nicipem
296 447 545 495 Suessanum,
566 447 637 485 tibi
654 447 708 485 ita
726 447 967 492 commendo,
982 455 1027 485 ut
1041 447 1236 485 neminem

109 500 342 551 diligentius.
375 500 550 540 Cretensi
571 501 688 548 bello,
716 500 878 539 Metello
902 500 1144 552 imperatore,
1175 513 1238 539 oc-

110 561 245 592 tavum
262 555 474 606 principem
491 555 627 593 duxit:
656 562 787 607 postea
806 555 845 592 in
865 568 906 592 re
924 555 1105 592 familiari
1124 568 1235 593 occu-

109 615 224 659 patus
245 608 333 647 fuit.
365 609 453 647 Hoc
478 616 664 660 tempore,
685 621 775 647 cum
798 609 1018 660 reipublicae
1044 609 1232 659 partibus,

110 668 198 700 tum
216 662 285 700 tua
303 663 504 701 excellenti
529 663 714 714 dignitate
733 669 961 711 commotus,
981 663 1094 700 vellet
1112 676 1180 713 per
1198 670 1237 701 te

111 716 259 767 aliquid
270 717 504 755 auctoritatis
523 730 725 755 assumere.
758 717 915 755 Fortem
934 716 1076 763 virum,
1096 717 1234 765 Brute,

110 770 182 808 tibi
201 771 441 819 commendo,
468 771 572 822 frugi
598 771 811 819 hominem,
836 778 873 809 et
894 770 946 823 (si
964 770 1059 822 quid
1078 770 1127 807 ad
1154 783 1237 808 rem

110 823 291 874 pertinet)
312 825 427 863 etiam
452 825 695 877 locupletem.
727 826 959 876 Pergratum
978 823 1075 861 mihi
1094 824 1178 871 erit,
1206 824 1238 862 si

112 890 212 939 eum·
227 878 280 918 ita
304 878 488 930 tractaris,
508 887 553 918 ut
580 879 716 918 merito
741 886 810 917 tuo
834 878 933 917 mihi
958 878 1098 930 gratias
1127 891 1239 929 agere

111 939 243 984 possit.

358 1103 442 1150 (9.)
481 1100 694 1141 CICERO
722 1098 923 1140 BRUTO
953 1099 994 1138 S.

169 1207 496 1258 (Argumentum.
509 1234 564 1242 —
574 1209 761 1257 Brutum,
777 1208 825 1246 de
842 1220 896 1250 re,
910 1205 1086 1245 nesciunt
1100 1205 1239 1244 eruditi

113 1261 207 1352 (11:13²,
223 1262 414 1314 exquisita
431 1271 511 1302 arte
529 1264 758 1312 consolatur,
773 1270 810 1301 et
827 1261 876 1300 ad
894 1260 1158 1299 fortitudinem
1179 1273 1242 1299 co-

149 1322 325 1365 ortatur.)

621 1393 730 1400 ——-

111 1437 114 1440 ·
169 1422 367 1476 Fungerer
384 1425 522 1475 officio,
542 1438 620 1478 quo
638 1432 682 1463 tu
708 1424 864 1464 functus
886 1437 924 1462 es
942 1422 983 1461 in
1010 1435 1098 1461 meo
1117 1422 1240 1471 luctu,

115 1483 230 1528 teque
246 1492 315 1530 per
332 1479 460 1519 literas
478 1480 703 1526 consolarer,
716 1479 790 1517 nisi
802 1478 951 1526 scirem,
967 1477 1029 1515 his
1047 1476 1241 1523 remediis,

117 1531 259 1582 quibus
290 1546 425 1572 meum
458 1534 630 1572 dolorem
658 1540 703 1571 tu
730 1532 908 1580 levasses,
944 1539 980 1570 te
1003 1531 1045 1568 in
1072 1538 1139 1568 tuo
1164 1543 1243 1568 non

108 1597 252 1636 egere:
283 1600 327 1626 ac
344 1588 461 1626 velim
479 1588 642 1636 facilius,
669 1600 789 1638 quam
807 1593 900 1625 tunc
917 1585 1029 1634 mihi,
1049 1597 1154 1623 nunc
1172 1584 1243 1622 tibi

115 1645 201 1678 tute
217 1641 405 1680 medeare.
434 1642 509 1681 Est
527 1642 630 1680 enim
648 1642 820 1680 alienum
837 1647 944 1679 tanto
955 1640 1050 1687 viro,
1067 1645 1112 1677 ut
1126 1651 1165 1676 es
1183 1646 1241 1686 tu,

119 1693 226 1744 quod
255 1695 363 1733 alteri
387 1696 622 1748 praeceperit,
643 1696 684 1734 id
712 1695 844 1747 ipsum
868 1694 992 1732 facere
1021 1705 1100 1731 non
1122 1705 1244 1744 posse.

118 1746 192 1785 Ille
211 1748 368 1800 quidem
392 1763 483 1789 cum
500 1751 677 1798 rationes,
698 1763 793 1801 quas
812 1749 1029 1799 collegeras,
1050 1754 1136 1785 tum
1155 1759 1246 1785 auc-

118 1801 250 1841 toritas
280 1809 362 1851 tua,
389 1818 413 1842 a
439 1804 560 1842 nimio
587 1817 748 1843 moerore
775 1802 968 1842 deterruit.
1009 1801 1114 1840 Cum
1142 1800 1246 1839 enim

119 1856 277 1895 mollius
296 1857 366 1896 tibi
383 1858 481 1897 ferre
499 1858 660 1906 viderer,
680 1870 800 1910 quam
818 1858 966 1896 deceret
983 1856 1124 1903 virum,
1144 1868 1244 1906 prae-

121 1910 254 1948 sertim
273 1923 363 1949 eum
382 1912 451 1964 qui
471 1912 565 1951 alios
583 1912 768 1953 consolari
791 1912 951 1957 soleret3
982 1908 1166 1949 accusasti
1183 1920 1247 1946 me

122 1976 192 2015 per
219 1964 348 2004 literas
373 1966 610 2017 gravioribus
628 1966 753 2005 verbis
776 1978 896 2018 quam
921 1972 990 2002 tua
1014 1961 1248 2002 consuetudo

123 2017 279 2057 ferebat.
310 2019 462 2072 Itaque,
473 2020 663 2069 judicium
681 2026 796 2059 tuum
814 2019 947 2070 magni
962 2017 1168 2064 aestimans,
1188 2015 1248 2053 id-

123 2084 200 2123 que
222 2072 378 2121 veritus,
398 2087 462 2112 me
478 2074 560 2126 ipse
579 2074 741 2126 collegi3
772 2081 810 2113 et
837 2087 894 2121 ea,
916 2086 1004 2125 quae
1025 2070 1246 2118 didiceram,

122 2125 307 2218 lsdggiram,
327 2141 560 2180 acceperam,
590 2128 765 2181 graviora
792 2127 903 2175 duxi,
931 2124 999 2165 tua
1026 2124 1249 2164 auctoritate

115 2192 120 2196 *
219 2180 272 2220 ta.

182 2234 241 2274 Ac
256 2234 356 2274 mihi
376 2243 474 2284 tum,
498 2237 633 2285 Brute,
654 2237 776 2277 officio
797 2237 921 2275 solum
936 2241 1015 2274 erat
1033 2242 1069 2274 et
1088 2239 1249 2277 naturae,

856 2293 926 2329 211
953 2291 976 2327 3
