1467 2401
169 132 222 171 80
380 129 464 170 AD
491 130 781 171 ATTICUM.
810 130 913 170 Lm.
933 130 1012 170 XI.
1039 126 1104 171 9)·

171 248 209 280 et
228 241 407 294 Oppium
436 241 622 290 maxime,
642 248 688 280 ut
714 241 764 280 de
789 253 853 279 me
878 240 1045 279 scribant
1069 251 1189 291 quam
1208 232 1299 277 dili-4

168 296 402 347 gentissime.
431 296 721 348 oppugnamur
739 296 858 342 enim,
879 303 923 333 ut
944 294 1074 342 audio,
1093 301 1132 332 et
1159 307 1183 332 a
1200 306 1299 344 prae-

171 351 342 389 sentibus
362 350 609 403 quibusdam,
629 358 668 389 et
694 363 764 402 per
780 350 921 388 literas.
950 349 1006 387 Iis
1025 349 1080 387 ita
1098 360 1300 386 occurren-

171 404 282 451 dum,
308 413 354 443 ut
381 405 435 443 rei
459 405 688 457 magnitudo
718 405 899 456 postulat.
928 403 1098 441 Furnius
1120 410 1177 441 est
1203 401 1299 449 illic,

171 458 270 497 mihi
288 459 586 498 inimicissimus.
616 459 790 508 Quintus
806 458 911 497 misit
923 457 1063 505 filium,
1075 469 1155 495 non
1175 455 1299 494 solum

173 513 234 551 sui
253 513 549 566 deprecatorem,
568 514 634 552 sed
653 514 769 552 etiam
788 520 1043 552 accusatorem
1057 511 1145 550 mei.
1175 510 1303 548 Dicti-

172 574 244 617 tat,
257 581 297 607 se
311 582 334 607 a
352 581 417 607 me
435 568 539 620 apud
559 569 752 607 Caesarem
770 567 1001 619 oppugnari,
1023 565 1145 618 (quod
1163 564 1304 604 refellit

177 622 309 661 Caesar
337 623 432 675 ipse,
453 635 664 675 omnesque
685 624 768 673 ejus
793 622 951 670 amici):
982 633 1108 672 neque
1128 633 1216 658 vero
1235 619 1303 657 de-

174 676 285 723 sistit,
298 678 535 729 ubicumque
549 684 618 725 est,
635 677 765 715 omnia
776 677 817 714 in
830 689 894 714 me
905 675 1110 713 maledieta
1121 673 1302 713 conferre.

175 731 291 769 Nihil
309 732 407 770 mihi
425 745 601 783 unquam
626 740 707 770 tam
726 730 949 768 incredibile
976 729 1125 776 accidit,
1146 728 1245 767 nihil
1263 727 1304 765 in

176 785 237 823 his
254 786 368 824 malis
387 794 467 825 tam
487 788 679 824 acerbum.
708 786 792 833 Qui
811 798 858 824 ex
877 785 962 836 ipso
983 783 1193 831 audissent,
1214 794 1305 820 cum

178 839 340 892 Sicyone
359 841 489 892 palam
507 841 642 878 multis
657 839 902 878 audientibus
915 838 1148 889 loqueretur,
1162 836 1308 875 nefaria

178 894 358 946 quaedam
378 894 427 932 ad
446 907 509 932 me
519 895 771 946 pertulerunt.
803 893 920 931 Nosti
935 905 1056 944 genus
1073 905 1085 938 ς
1107 892 1223 930 etiam
1239 904 1306 929 ex-

178 957 310 1000 pertus
326 962 365 987 ffi
378 949 535 987 fortasse
550 963 560 986 ε
584 949 626 986 in
640 961 704 986 me
714 948 753 986 id
767 955 823 986 est
834 959 948 986 omne
961 959 1200 985 conversum.
1231 945 1308 984 Sed

179 1016 302 1053 augeo
330 1003 666 1042 commemorando
689 1003 874 1049 dolorem,
899 1009 937 1040 et
965 1001 1062 1040 facio
1087 1000 1203 1039 etiam
1223 999 1306 1038 tibi.

179 1057 327 1105 Quare,
344 1057 393 1095 ad
412 1058 511 1095 illud
526 1057 663 1103 rede03
693 1070 797 1104 cura,
813 1064 872 1103 ut,
892 1056 1011 1105 hujus
1029 1056 1083 1094 rei
1096 1055 1226 1100 causa,
1241 1053 1309 1091 de-

179 1111 261 1149 dita
275 1112 405 1163 opera,
418 1111 547 1150 mittat
559 1112 728 1163 aliquem
735 1111 897 1150 Balbus.
920 1110 984 1148 Ad
995 1124 1092 1162 quos
1100 1108 1306 1157 videbitur,

181 1165 298 1203 velim
323 1179 430 1206 cures
452 1167 581 1205 literas
608 1179 696 1206 meo
714 1166 884 1205 nomine.
910 1165 1024 1205 Vale.
1045 1165 1109 1205 VI
1129 1164 1214 1203 Cal.
1234 1163 1310 1202 Ja-

183 1231 293 1259 nuar-

414 1383 505 1437 (9.)
537 1384 750 1424 CICERO
779 1382 1003 1423 ATTICO
1032 1382 1073 1422 S.

237 1493 326 1546 Ego
344 1507 433 1533 vero
453 1501 490 1533 et
513 1495 665 1533 incaute
681 1496 744 1536 (ut
762 1494 925 1543 scribis),
947 1501 984 1532 et
1003 1492 1163 1532 celerius
1191 1503 1309 1543 quam

182 1548 367 1601 oportuit,
387 1548 484 1594 feci;
514 1562 584 1588 nec
603 1548 644 1586 in
662 1548 746 1587 una
765 1562 851 1587 sum
871 1562 962 1601 spe3
993 1548 1138 1600 quippe
1156 1546 1225 1598 qui
1245 1559 1312 1584 ex-

181 1602 420 1654 ceptionibus
451 1603 662 1642 edictorum
692 1603 880 1642 retineat:
912 1616 1000 1655 quae
1029 1602 1061 1641 si
1087 1613 1165 1639 non
1191 1607 1315 1639 essent

186 1656 388 1695 sedulitate
414 1658 556 1697 effectae
586 1665 623 1696 et
647 1656 911 1697 benevolentia
940 1657 1023 1705 tua,
1053 1656 1183 1694 liceret
1214 1654 1314 1692 mihi

183 1711 290 1750 abire
308 1711 348 1748 in
368 1712 591 1751 solitudines
618 1711 793 1763 aliquas:
824 1725 928 1751 nunc
952 1724 1001 1749 ne
1026 1711 1066 1749 id
1091 1709 1248 1762 quidem
1267 1708 1316 1746 li-

185 1773 256 1804 cet.
286 1765 396 1813 Quid
414 1774 545 1805 autem
563 1780 627 1804 me
643 1767 766 1816 juvat,
793 1766 899 1819 quod
923 1773 1012 1804 ante
1030 1765 1170 1803 initum
1191 1763 1315 1801 tribu-

186 1828 325 1858 natum
340 1821 442 1869 veni,
464 1821 496 1859 si
514 1821 657 1873 ipsum,
671 1821 776 1872 quod
795 1822 898 1869 veni,
917 1820 1016 1859 nihil
1031 1821 1143 1870 juvat
1157 1821 1175 1857 ἰ)
1201 1818 1312 1866 Jam,

186 1874 284 1926 quid
303 1888 452 1926 sperem
470 1877 519 1914 ab
539 1888 583 1914 eo
610 1876 679 1928 qui
704 1875 803 1914 mihi
829 1876 976 1914 amicus
1002 1886 1206 1925 nunquam
1224 1872 1314 1921 fuit,

187 1941 279 1967 cum
295 1930 377 1978 jam
396 1930 481 1981 lege
499 1930 615 1968 etiam
634 1930 707 1968 sim
727 1930 920 1969 confectus
940 1937 978 1967 et
995 1940 1198 1981 oppressus
1212 1929 1231 1966 ?

243 1983 430 2031 Quotidie
452 1985 536 2034 jam
563 1984 682 2023 Balbi
715 1984 765 2022 ad
790 1997 854 2023 me
878 1985 1000 2023 literae
1027 1981 1313 2033 languidioraeg

184 2038 399 2089 multaeque
427 2039 641 2077 multorum
671 2039 720 2077 ad
750 2039 877 2085 illum,
899 2039 1057 2077 fortasse
1084 2045 1216 2076 contra
1238 2049 1316 2074 me.

186 2091 285 2130 Meo
303 2092 396 2130 vitio
412 2106 537 2145 pereo.
567 2093 681 2132 Nihil
694 2093 793 2132 mihi
806 2093 900 2131 mali
919 2106 1026 2132 casus
1044 2091 1175 2130 attulit
1191 2104 1201 2128 ε
1232 2103 1318 2128 om-

186 2146 254 2185 nia
272 2147 387 2199 culpa
401 2155 593 2187 contracta
611 2156 712 2187 sunt.
741 2147 830 2200 Ego
845 2147 963 2195 enim,
977 2159 1067 2186 cum
1086 2157 1207 2198 genus
1225 2144 1318 2182 belli

187 2200 371 2249 viderem,
391 2201 582 2254 imparata
599 2210 638 2241 et
654 2203 809 2241 infirma
827 2203 958 2241 omnia
975 2208 1107 2241 contra
1124 2198 1319 2252 paratissi-

185 2266 284 2306 mos,
299 2255 535 2309 quieveram,
554 2257 668 2310 (quid
685 2257 850 2298 facerem
859 2256 898 2308 ?)
922 2267 1174 2310 ceperamque
1193 2251 1317 2294 oonsi-
