1467 2401
141 80 193 117 68
357 77 440 115 AD
462 76 750 117 ATTICUM.
784 77 884 115 Lm.
906 76 960 114 X.
994 77 1055 114 18.

152 184 340 238 proficisci
372 185 549 236 cogitare,
580 186 739 230 (etenim
764 185 976 233 audieram,
1007 183 1154 222 nemini
1172 183 1281 222 alioer

155 238 288 289 licere)
310 251 354 278 eo
377 246 414 278 te
431 239 572 278 habere
591 242 805 288 censebam,
826 246 864 277 et
892 239 984 291 quia
1010 237 1138 290 pueris
1157 237 1282 289 diplo-

159 307 226 332 ma
244 306 443 332 sumseras.
474 295 608 333 Habes
627 307 781 333 causam
800 293 990 345 opinionis
1009 305 1129 331 meae:
1161 299 1199 330 et
1225 298 1284 330 ta-

163 360 254 386 men
273 347 388 386 velim
409 348 516 395 scire,
537 348 631 400 quid
658 348 813 400 cogites,
833 347 875 386 in
893 346 1119 400 primisque,
1141 346 1172 385 si
1191 344 1286 398 quid

164 401 280 440 etiam
300 414 403 441 nunc
421 402 510 441 novi
529 410 597 442 est.
628 403 758 442 XVII
781 401 864 442 Cal.
885 402 983 440 Jun.

391 564 503 617 (18.)
535 563 752 605 CICERO
781 564 1007 605 ATTICO
1036 565 1076 603 S.

228 674 362 713 Tullia
379 686 467 712 mea
484 674 630 726 peperit
649 673 757 712 XIV
779 675 864 713 Cal.
881 674 910 712 J
913 686 978 711 un.
992 686 1159 725 puerum
1179 674 1297 710 ἑπτα-

175 744 343 778 μηνιαιῦν.
373 727 492 776 Quod
511 743 724 776 ηυτεκκσεν,
743 728 959 779 gaudebam
975 743 984 765 :
1016 726 1121 778 quod
1139 727 1296 778 quidem

177 789 235 820 est
248 788 399 830 natum,
419 782 723 833 perimbecillum
744 791 810 820 est.
842 782 914 820 Me
932 781 1091 819 mirifice
1111 781 1299 833 tranquil-

178 835 303 874 litates
323 836 448 874 adhuc
471 843 690 884 tenuerunt,
722 844 838 888 atque
861 836 1005 885 majore
1024 835 1300 887 impedimento

179 889 350 938 fuerunt,
371 903 490 941 quam
517 890 709 937 custodiae,
731 891 871 941 quibus
890 902 1069 927 asservor.
1100 889 1207 927 Nam
1232 889 1300 928 illa

180 944 440 982 Hortensiana
458 944 587 982 omnia
605 944 711 981 fuere
730 944 902 982 infantia.
934 944 996 981 Ita
1011 943 1076 981 fiet
1094 942 1212 981 homo
1234 956 1302 982 ne-

179 997 398 1049 quissimus.
435 999 476 1036 A
496 998 624 1036 Salvio
642 998 778 1036 liberto
796 998 1023 1049 depravatus
1052 1004 1120 1036 est.
1164 997 1303 1049 Itaque

180 1052 338 1104 posthac
356 1064 433 1089 non
453 1053 615 1090 scribam
645 1052 693 1089 ad
722 1060 772 1100 te,
803 1052 897 1104 quid
924 1052 1094 1090 facturus
1119 1051 1206 1100 sim,
1237 1053 1302 1091 sed

181 1105 276 1157 quid
294 1106 460 1145 fecerim.
498 1105 647 1145 Omnes
666 1107 770 1145 eninr
800 1113 993 1158 Κωρυκαιιι
1013 1105 1189 1144 videntur
1214 1108 1304 1145 sub-

181 1159 407 1209 auscultare,
429 1174 515 1212 quae
533 1161 681 1212 loquor.

237 1214 304 1252 Tu
324 1222 466 1264 tamen,
489 1215 520 1253 si
538 1215 633 1266 quid
659 1214 706 1254 de
726 1214 941 1267 HispaniiS,
962 1214 1039 1254 sive
1058 1213 1153 1266 quid
1181 1214 1303 1263 aliud,

182 1281 297 1321 perge
318 1269 482 1321 (quaeso)
503 1270 689 1315 scribere;
710 1283 780 1308 nec
798 1282 903 1307 meas
921 1268 1048 1307 literas
1061 1269 1304 1321 exspectaris,

184 1322 259 1360 nisi
284 1336 388 1371 cum,
420 1337 497 1374 quo
523 1331 627 1375 opto,
659 1323 958 1375 pervenerimus,
985 1333 1053 1361 aut
1081 1323 1113 1361 si
1143 1322 1238 1375 quid
1257 1336 1305 1362 ex

184 1389 310 1415 cursu.
341 1377 416 1415 Sed
428 1378 499 1416 hoc
519 1390 674 1429 quoque
693 1378 826 1416 timide
844 1377 991 1415 scribo:
1022 1377 1077 1416 ita
1094 1377 1225 1416 omnia
1237 1377 1307 1416 ad-

180 1429 258 1469 huc
277 1430 385 1469 tarda
404 1439 440 1470 et
460 1432 591 1484 spissa.

239 1485 295 1524 Ut
317 1484 457 1538 [male]
478 1486 677 1538 posuimus
703 1485 825 1534 initia,
846 1486 898 1524 sic
916 1493 1051 1525 caetera
1080 1493 1306 1538 sequuntur.

187 1538 363 1577 Formias
382 1552 485 1578 nunc
503 1541 726 1591 sequimur,
757 1540 891 1578 eadem
911 1540 1157 1592 nos-fortasse
1175 1540 1209 1578 F
1213 1540 1306 1581 uriae

184 1601 472 1645 persequentur.
513 1595 579 1632 Ex
598 1595 715 1633 Balbi
745 1602 874 1632 autem
900 1608 1086 1641 sermone,
1114 1608 1230 1646 quem
1252 1602 1309 1634 te-

186 1659 276 1685 cum
295 1647 445 1696 habuit,
465 1661 542 1686 non
561 1651 769 1700 probamus
798 1648 845 1687 de
865 1649 1018 1688 Melita.
1048 1649 1216 1687 Dubitas
1234 1649 1308 1700 igi-

187 1707 265 1749 tur,
292 1702 387 1753 quin
419 1715 488 1741 nos
518 1703 558 1740 in
583 1703 753 1742 hostium
783 1716 944 1742 numero
971 1703 1137 1742 habeat?
1166 1703 1309 1755 Scripsi

187 1755 367 1806 equidem
393 1756 533 1805 Balbo,
554 1765 591 1796 te
610 1757 659 1796 ad
677 1770 740 1796 me
759 1757 807 1796 de
823 1757 1086 1796 benevolentia
1105 1757 1310 1809 scripsisse,

189 1815 227 1846 et
244 1809 292 1848 de
311 1810 535 1862 suspicione.
564 1812 643 1863 Egi
657 1812 809 1863 gratias·
839 1811 902 1850 De
916 1812 1035 1850 altero
1054 1812 1088 1850 ei
1099 1825 1162 1851 me
1173 1825 1310 1864 purga.

187 1862 365 1915 Ecquem
403 1873 445 1902 tu
486 1865 683 1905 hominem
720 1865 967 1905 infeliciorem
984 1868 1001 1904 Ρ
1045 1866 1138 1905 Non
1174 1866 1312 1919 loquor

188 1917 315 1978 plura,
336 1931 384 1956 ne
404 1927 440 1957 te
459 1933 612 1972 quoque
645 1920 872 1959 excruciem.
910 1920 1000 1972 Ipse
1033 1920 1223 1968 conficior,
1246 1934 1311 1960 ve-

187 1983 288 2010 msse
306 1979 472 2025 tempus,
504 1986 591 2013 cum
618 1975 701 2024 jam
735 1987 804 2015 nec
830 1974 976 2014 fortiter
1007 1987 1077 2014 nec
1105 1973 1313 2027 prudenter

187 2025 400 2080 quidquam
420 2027 542 2067 facere
559 2028 713 2081 possim.
