1498 2401
191 105 279 145 ⁷332
428 105 514 145 AD
540 106 803 146 BRUTUM.
831 106 992 146 EPIST.
1009 106 1075 145 23.

197 212 313 263 tium,
327 227 494 267 quorum
505 215 753 267 repressimus
769 215 974 268 impetum,
995 214 1246 265 ardoremque
1263 225 1323 252 re-

198 267 417 307 stinximus.
451 268 589 321 Itaque
607 284 665 309 res
683 270 725 308 in
742 283 832 309 eum
845 271 973 309 locum
988 275 1156 316 venerat,
1172 275 1230 316 ut,
1246 267 1322 306 nisi

199 320 343 360 Caesari
355 323 567 362 Octaviano
585 324 694 363 Deus
709 325 868 376 quidam
886 325 995 362 illam
1013 331 1184 361 mentem
1195 322 1323 360 dedis-

198 384 269 423 set,
289 376 330 414 in
348 385 575 429 potestatem
592 379 835 430 perditissimi
855 378 1022 417 hominis
1040 385 1078 416 et
1095 375 1321 428 turpissimi,

193 429 262 468 M.
288 431 468 478 Antonii,
487 433 720 471 veniendum
737 433 878 472 fuerit:
910 445 1091 484 quocum,
1111 431 1231 479 vides,
1249 430 1324 469 hoc

197 490 370 536 tempore
389 486 473 537 ipso
499 486 603 538 quod
632 487 694 536 sit,
724 495 1007 539 quantumque,
1026 494 1230 525 certamen.
1271 483 1322 523 Id

196 539 367 589 profecto
379 541 536 579 nullum
555 549 663 592 esset,
680 542 753 581 nisi
767 549 852 580 tum
865 548 1104 581 conservatus
1123 546 1218 579 esset
1234 538 1324 578 An-

201 592 344 632 tonius.

252 647 329 687 Sed
347 648 429 688 haec
447 649 594 689 omitto.
624 651 704 690 Res
725 651 829 690 enim
847 663 870 688 a
888 656 926 688 te
953 658 1072 701 gesta,
1091 646 1324 687 memorabi-

197 700 247 739 lis
267 709 304 740 et
322 716 432 754 paene
459 705 630 753 coelestis,
650 706 802 757 repellit
829 716 961 743 omnes
988 702 1323 755 reprehensiones;

198 755 345 808 quippe
364 771 451 809 quae
470 771 518 797 ne
537 759 652 798 laude
670 760 828 811 quidem
846 758 936 797 satis
954 757 1092 796 idonea
1118 755 1218 795 affici
1234 768 1325 807 pos-

197 809 259 848 sit.
285 810 481 851 Exstitisti
495 825 618 865 nuper
633 815 744 852 vultu
759 826 887 853 severo
900 827 912 850 z
933 811 1158 859 exercitum,
1177 809 1321 861 copias,

196 863 366 915 legiones
394 866 563 916 idoneas,
583 881 651 920 per
680 875 718 906 te
749 868 858 907 brevi
888 874 1061 919 tempore
1080 863 1322 917 comparasti.

195 916 267 957 Dii
284 919 520 960 immortales
535 922 545 960 !
578 922 646 974 qui
663 922 729 961 ine
753 922 912 961 nuntius
927 922 938 960 ἱ
970 935 1057 974 quae
1077 920 1155 958 illae
1171 919 1291 957 literae
1306 917 1319 956 2

196 985 286 1024 quae
320 974 454 1014 laetitia
485 980 652 1025 senatus,
690 991 779 1029 quae
810 976 984 1015 alacritas
1020 974 1183 1014 civitatis
1212 971 1322 1011 erat!

180 1026 310 1065 *Nihil
328 1041 503 1081 unquam
521 1031 601 1070 vidi
618 1042 698 1070 tam
717 1031 894 1070 omnium
913 1029 1156 1070 consensione
1182 1026 1320 1066 lauda-

195 1086 295 1120 tum.
337 1082 435 1121 Erat
454 1085 685 1136 exspectatio
714 1085 966 1138 reliquiarum
993 1082 1174 1131 Antonii,
1203 1092 1323 1133 quem

195 1136 371 1187 equitatu
388 1138 681 1191 legionibusque
691 1140 835 1191 magna
850 1153 897 1178 ex
911 1146 1019 1190 parte
1038 1137 1232 1189 spoliaras.
1259 1134 1323 1173 Ea

195 1202 351 1242 quoque
369 1191 506 1230 habuit
525 1193 674 1231 exitum
693 1194 914 1245 optabilem.
955 1193 1063 1231 Nam
1081 1199 1159 1230 tuae
1185 1190 1319 1238 literae,

195 1257 284 1295 quae
302 1245 467 1284 recitatae
478 1246 518 1283 in
531 1254 662 1285 senatu
681 1256 784 1295 sunt,
801 1254 838 1286 et
850 1246 1089 1298 imperatoris
1103 1244 1319 1287 consilium,

193 1306 232 1335 et
249 1299 420 1337 militum
435 1300 630 1348 virtutem,
647 1308 684 1339 et
697 1301 926 1340 industriam
937 1308 1108 1348 tuom,
1124 1299 1164 1337 in
1179 1297 1322 1350 quibus

195 1351 390 1392 Ciceronis
403 1354 495 1403 mei,
515 1354 721 1394 declarant.
751 1355 871 1404 Quod
889 1355 920 1394 si
938 1354 1016 1393 tuis
1034 1353 1252 1406 placuisset,
1272 1351 1321 1389 de

192 1406 253 1444 his
270 1406 389 1446 literis
407 1408 551 1457 referri,
566 1417 603 1448 et
621 1410 695 1448 nisi
707 1411 749 1448 in
764 1418 916 1461 tempus
928 1407 1319 1453 turbulentissimum,

193 1469 281 1512 post
312 1461 519 1501 discessum
550 1464 690 1502 Pansae
722 1464 902 1511 consulis,
932 1462 1167 1510 incidissent,
1196 1460 1318 1499 honos

192 1528 348 1567 quoque
364 1518 492 1567 justus
511 1525 549 1557 et
567 1518 719 1558 debitus
737 1518 825 1557 Diis
843 1516 1127 1556 immortalibus
1145 1515 1319 1554 decretus

194 1578 301 1608 esset.

245 1623 348 1663 Ecce
376 1625 448 1664 tibi
476 1626 578 1666 Idib.
599 1625 730 1678 April.
762 1625 916 1666 advolat
937 1637 1052 1665 mane
1071 1624 1169 1663 celer
1188 1623 1315 1672 Pilus,

176 1677 262 1730 vqui
281 1679 338 1717 vir
355 1679 365 1717 !
392 1680 481 1732 (Dii
499 1682 592 1720 boni
607 1681 640 1732 !)
661 1694 781 1733 quam
800 1681 950 1734 gravis!
974 1692 1093 1732 quam
1112 1677 1315 1718 constans!

189 1745 311 1784 quam
323 1735 514 1773 bonarum
532 1735 574 1774 in
593 1750 634 1775 re
647 1735 804 1787 publica
818 1736 988 1788 partium
1004 1735 1015 1773 ἱ
1046 1733 1125 1772 Hic
1137 1732 1316 1785 epistolas

189 1786 300 1826 affert
318 1787 428 1837 duae,
449 1802 570 1828 unam
584 1798 652 1829 tuo
671 1790 841 1836 nomine,
856 1791 1015 1829 alteram
1030 1787 1205 1827 Antonii.
1235 1786 1319 1824 Dat

188 1841 351 1881 Servilio
380 1843 535 1882 tribuno
559 1845 708 1896 plebis;
738 1844 803 1884 ille
823 1845 1020 1884 Cornuto:
1051 1842 1257 1881 recitantur
1275 1840 1316 1878 in

187 1903 338 1935 senatu.
369 1898 397 1921 ‘⁶
416 1898 614 1938 Antonius
635 1900 818 1938 Procos.'’
858 1899 1010 1950 Magna
1034 1896 1251 1943 admiratio,
1271 1901 1317 1932 ut

187 1949 221 1988 si
246 1958 343 1990 esset
372 1951 588 2002 recitatum,
619 1956 648 1976 ‘⁴
668 1953 875 1993 Dolabella
906 1950 1165 2004 Imperator,’'
1197 1963 1219 1987 a
1238 1960 1316 2000 quo

188 2004 347 2055 quidem
383 2015 563 2045 venerant
589 2008 801 2047 tabellarii:
832 2008 898 2047 sed
926 2020 1040 2046 nemo
1068 2005 1146 2043 Pili
1164 2002 1314 2049 similis,

186 2058 258 2150 gui
275 2059 445 2111 proferre
474 2062 603 2101 literas
621 2063 792 2112 auderet,
812 2070 881 2102 aut
909 2059 1196 2113 magistratibus
1228 2056 1317 2096 red-

216 2124 290 2151 ere.
1136 2151 1149 2154 ,

241 2166 344 2207 Tuae
362 2169 584 2219 recitantur,
604 2172 737 2210 breves
755 2171 834 2210 iuae
851 2169 1024 2223 quidem,
1044 2167 1110 2207 sed
1127 2167 1169 2205 in
1187 2166 1316 2204 Anto-

187 2219 299 2260 nium
318 2222 529 2262 admodum
549 2225 666 2264 lenes.
697 2225 958 2264 Vehementer
975 2222 1185 2262 admiratus
1203 2231 1311 2258 sena-

188 2281 276 2314 tus:
297 2276 395 2316 mihi
416 2285 547 2318 autem
566 2291 645 2319 non
665 2287 745 2318 erat
763 2278 1012 2332 explicatum,
1033 2275 1127 2329 quid
1146 2285 1309 2326 agerem-
