1498 2401
256 86 335 124 244
445 86 528 125 AD
558 87 844 128 ATTmUM.
874 87 974 127 Lm.
999 86 1117 127 xvi.
1145 90 1186 126 5.

488 194 577 248 (5.)
608 196 821 236 CICERO
849 195 1072 236 ATTICO
1099 198 1141 235 5.

315 301 423 341 Tuas
438 303 521 353 jam
539 304 666 343 literas
677 304 825 343 Brutus
840 305 1110 357 exspectabat:
1140 301 1203 341 cui
1216 300 1374 354 quidem

259 368 330 406 ego
359 369 436 394 non
466 369 611 397 novum
639 359 842 397 attuleram
864 359 911 398 de
942 362 970 382 “
990 357 1135 396 'l'ereo''
1156 356 1281 402 Attfi3
1309 355 1377 393 ffle

260 413 290 431 ⁴⁶
304 410 503 449 Brutum”
523 414 693 464 putabat.
722 413 798 452 Sed
812 422 939 452 tamen
954 412 1119 450 rumoris
1137 410 1262 449 nescio
1281 408 1377 461 quid

259 463 466 514 afflaverat,
488 467 750 505 commissione
770 467 1007 513 Graecorum,
1027 465 1282 517 frequentiam
1299 474 1377 501 non

258 517 375 557 fuisse
391 533 402 557 ε
433 520 536 571 quod
555 521 710 572 quidem
729 534 792 560 me
802 521 962 559 minime
979 520 1138 559 fefellitz
1169 519 1239 557 scis
1257 517 1377 566 enim,

259 560 355 623 quid
370 585 440 624 ego
458 573 505 612 de
525 574 668 613 Graecis
686 575 788 613 ludis
806 575 1035 613 existimem.

315 626 357 663 N
359 639 433 665 unc
451 628 555 675 audi,
583 629 687 680 quod
705 629 826 680 pluris
845 636 914 677 est,
935 641 1054 680 quam
1079 627 1220 666 omnia.
1250 625 1379 674 Quin-

260 686 322 717 tus
341 679 416 718 fuit
434 694 586 720 meeum
607 682 685 721 dies
698 684 912 734 complures
928 696 940 729 ς
971 689 1022 731 et,
1042 681 1074 720 si
1093 695 1163 732 ego
1182 692 1378 732 cuperem,

259 733 324 771 ille
343 735 403 772 vel
419 736 548 786 plures
567 736 699 775 fuisset
714 752 723 774 :
749 736 826 785 sed,
844 743 1034 788 quantum
1051 735 1140 782 fuit,
1159 734 1380 773 incredibile

260 794 329 834 est,
351 801 469 838 quam
494 802 557 827 me
579 790 618 826 in
649 790 755 828 omni
783 802 920 841 genere
941 788 1160 828 delectarit:
1189 789 1231 826 in
1260 800 1380 840 eoque

259 841 443 889 maxime,
463 843 503 880 in
523 856 600 894 quo
618 844 778 882 minime
796 844 1058 882 satisfaciebat.
1089 843 1152 881 Sic
1163 842 1266 881 enim
1278 855 1382 880 com-

259 902 431 934 mutatus
459 904 516 934 est
534 904 636 935 totus
655 904 693 935 et
711 897 858 948 scriptis
873 898 968 936 meis
988 896 1220 949 quibusdam
1233 909 1320 948 quae
1338 895 1380 933 in

261 949 441 988 manibus
464 951 668 1000 habebam,
694 959 731 990 et
763 952 981 990 assiduitate
1004 951 1197 999 orationis,
1223 958 1260 989 et
1283 963 1382 1002 prae-

259 1003 390 1054 ceptis,
407 1012 451 1042 ut
470 1005 537 1042 tali
551 1005 680 1044 animo
698 1006 739 1043 in
757 1006 1050 1057 rempublicam,
1066 1004 1172 1057 quali
1190 1017 1259 1042 nos
1273 1003 1382 1042 volu-

258 1068 361 1105 mus,
377 1057 531 1097 futurus
543 1059 603 1097 sit.
634 1060 722 1098 Hoc
733 1073 821 1099 cum
834 1060 931 1098 mihi
942 1072 1018 1098 non
1034 1059 1149 1098 modo
1160 1057 1382 1097 confirmas-

261 1119 332 1157 set,
364 1112 428 1150 sed
454 1113 569 1151 etiam
599 1114 872 1164 persuasisset,
915 1114 991 1166 egit
1020 1125 1174 1152 mecum
1206 1119 1380 1151 accurate

260 1165 393 1204 multis
413 1167 550 1215 verbis,
571 1167 641 1206 tibi
659 1175 704 1206 ut
723 1167 962 1220 sponderem,
988 1181 1029 1206 se
1046 1167 1210 1218 dignum
1228 1174 1266 1205 et
1289 1174 1326 1204 te
1345 1172 1382 1204 et

259 1219 370 1258 nobis
389 1219 589 1259 futurum:
621 1234 745 1273 neque
764 1236 802 1261 se
816 1222 1022 1273 postulare,
1041 1228 1086 1259 ut
1103 1221 1235 1260 statim
1253 1219 1381 1259 crede-

260 1285 347 1319 res;
377 1274 457 1322 sed,
478 1287 567 1313 cum
594 1275 676 1327 ipse
702 1276 970 1328 perspexisses,
991 1283 1077 1314 tum
1099 1283 1144 1314 ut
1162 1288 1201 1314 se
1218 1286 1379 1312 amares.

260 1326 380 1374 Quod
406 1328 480 1366 nisi
504 1329 621 1367 fidem
645 1330 743 1368 mihi
765 1330 924 1378 fecisset,
955 1329 1262 1380 judicassemque
1292 1327 1380 1375 hoc,

261 1381 365 1431 quod
383 1381 481 1431 dico,
505 1384 663 1421 firmum
680 1384 788 1430 fore3
819 1396 896 1422 non
915 1383 1087 1422 fecissem
1105 1383 1160 1432 id,
1179 1381 1284 1434 quod
1302 1381 1382 1420 dic-

261 1441 370 1473 turus
384 1449 482 1473 sum.
513 1437 624 1475 Duxi
635 1438 738 1476 enim
756 1450 908 1476 mecum
922 1438 1199 1476 adolescentem
1216 1436 1266 1474 ad
1279 1436 1383 1474 Bru-

261 1495 358 1526 tum.
388 1490 450 1528 Sic
469 1490 504 1528 ei
522 1493 727 1542 probatum
746 1500 816 1539 est,
836 1492 940 1543 quod
959 1491 1008 1530 ad
1027 1499 1064 1530 te
1083 1491 1218 1540 scribo,
1238 1497 1284 1528 ut
1300 1489 1382 1541 ipse

260 1542 472 1593 crediderit,
493 1557 556 1582 me
575 1558 794 1596 sponsorem
813 1546 980 1598 accipere
994 1545 1184 1590 noluerit3
1215 1556 1382 1595 eumque

260 1595 436 1645 laudans,
468 1598 694 1637 amicissime
723 1600 957 1638 mentionem
994 1599 1052 1638 tui
1083 1598 1238 1644 fecerit3
1278 1610 1384 1637 com-

263 1649 401 1700 plexus
442 1652 710 1705 osculatusque
747 1653 944 1691 dimiserit.
999 1653 1280 1701 Quamobrem,
1313 1650 1384 1690 etsi

263 1704 387 1755 magis
424 1713 493 1754 est,
528 1707 632 1757 quod
659 1708 827 1758 gratuler
859 1707 943 1755 tibi,
974 1720 1093 1759 quam
1125 1706 1230 1759 quod
1255 1713 1293 1744 te
1320 1717 1383 1744 ro-

262 1770 379 1808 gem3
410 1766 537 1798 tamen
570 1761 684 1799 etiam
715 1774 820 1812 rogo,
848 1769 906 1811 ut,
933 1762 964 1800 si
990 1775 1077 1814 quae
1102 1762 1231 1800 minus
1256 1768 1381 1808 antea,

261 1819 415 1862 propter
440 1813 702 1853 infirmitatem
732 1816 866 1863 aetatis,
898 1824 1113 1854 constanter
1142 1816 1191 1853 ab
1224 1827 1268 1852 eo
1300 1813 1383 1851 fieri

262 1865 503 1914 videbantur,
524 1880 567 1905 ea
582 1869 730 1918 judices
748 1870 861 1907 illum
879 1870 1083 1919 abjecisse3
1112 1868 1286 1920 mihique
1305 1880 1385 1906 cre-

263 1918 344 1968 das,
364 1921 534 1959 multum
553 1923 770 1971 allaturam,
798 1923 858 1961 vel
876 1923 1090 1975 plurimum
1108 1922 1248 1974 potius,
1269 1921 1319 1960 ad
1334 1921 1384 1959 il-

261 1973 338 2012 lius
371 1974 562 2023 judicium
600 1977 920 2025 confirmandum,
960 1977 1223 2016 auctoritatem
1259 1983 1384 2014 tuam.

262 2027 388 2066 Bruto
407 2041 497 2067 cum
515 2043 614 2082 saepe
627 2030 839 2081 injecissem
853 2031 900 2070 de
912 2035 1102 2080 ὁμοπλοιᾳ,
1118 2042 1194 2068 non
1210 2029 1383 2082 perinde,

263 2088 379 2132 atque
397 2095 467 2134 ego
481 2084 675 2135 putaram,
697 2085 860 2136 arripere
878 2085 980 2124 visus
1000 2092 1067 2123 est.
1098 2084 1381 2123 Existimabam

261 2149 523 2188 μετεωροτερον
552 2151 654 2177 esse:
685 2146 722 2177 et
751 2139 938 2192 (hercule)
965 2150 1059 2185 erat,
1086 2147 1123 2178 et
1147 2137 1317 2176 maxime
1334 2136 1383 2176 de

260 2187 373 2228 ludis.
421 2191 478 2230 At
504 2192 615 2241 mihi,
639 2206 728 2233 cum
756 2192 806 2232 ad
831 2193 962 2232 villam
977 2192 1173 2241 redissem,
1190 2191 1264 2231 Cn.
1280 2191 1383 2230 Luc·
