1498 2401
229 79 305 118 192
407 78 490 117 AD
519 79 809 119 ATTICUM.
839 79 940 118 LIB.
962 78 1083 118 XIV.
1117 79 1199 129 14;7

224 193 340 238 atque
356 187 736 227 honorificentissime
753 195 959 228 tractatum
972 186 1215 227 existimem:
1235 185 1356 238 idque

225 253 316 279 cum
328 249 468 289 totum,
485 256 642 294 quoquo
653 243 768 282 modo
783 257 822 282 se
840 256 899 281 res
910 243 1081 291 haberet,
1094 241 1166 280 tibi
1180 240 1355 279 dandum

224 302 429 347 putarem3
458 304 544 335 tum
561 297 612 336 do
632 298 746 336 etiam
771 297 1005 336 humanitati
1024 304 1061 334 et
1078 303 1227 334 naturae
1243 307 1354 333 meae.

226 349 341 388 Nihil
360 351 462 388 enim
481 364 656 403 unquam
675 364 752 390 non
772 352 886 390 modo
905 353 1086 390 acerbum
1110 350 1152 388 in
1177 362 1241 388 me
1265 349 1355 395 fuit,

227 403 293 441 sed
311 416 360 442 ne
378 406 495 457 paulo
514 406 672 457 quidem
697 406 841 444 tristius
860 413 928 444 aut
952 405 1131 452 severius,
1152 417 1272 456 quam
1289 415 1358 442 ne-

228 458 380 497 cessitas
397 460 614 511 reipublicae
626 460 845 512 postulavit.
865 460 1042 505 Accedit
1050 466 1096 497 ut
1109 471 1158 496 ne
1171 458 1212 496 in
1227 458 1358 510 ipsum

227 512 387 563 quidem
419 514 601 552 Clodium
633 528 766 553 meum
795 514 946 576 insigne
977 514 1110 553 odium
1139 512 1256 551 fuerit
1283 525 1359 550 un-

227 579 374 628 quam3
405 581 630 630 semperque
661 569 715 607 ita
745 570 873 616 statui,
905 581 983 607 non
1011 581 1090 607 esse
1119 567 1358 606 insectandos

226 620 473 660 inimicorum
498 623 653 671 amicos,
683 623 894 675 praesertim
918 622 1169 667 humiliores3
1199 634 1270 660 nec
1298 621 1360 660 his

227 675 411 727 praesidiis
425 685 574 715 nosmet
588 677 688 729 ipsos
705 690 784 716 esse
799 677 1027 729 spoliandos.
1056 677 1165 714 Nam
1179 676 1227 714 de
1238 688 1359 728 puero

228 729 366 768 Clodio
384 738 470 770 tuas
488 739 615 783 partes
634 745 712 770 esse
726 732 901 779 arbitror,
915 738 959 769 ut
973 731 1056 780 ejus
1067 730 1242 770 animum
1255 738 1361 769 tene-

227 796 318 822 rum
338 786 685 837 (quemadmodum
697 786 845 833 scribis)
864 785 924 824 his
935 785 1178 837 opinionibus
1191 784 1359 832 imbuas,

229 845 275 876 ut
293 851 342 877 ne
360 853 456 891 quas
474 840 692 879 inimicitias
718 840 880 878 residere
905 840 946 878 in
970 839 1128 878 familiis
1145 839 1284 878 nostris
1301 852 1362 877 ar-

231 892 404 932 bitretur.
435 893 628 934 Contendi
642 908 731 933 cum
749 895 795 932 P.
810 894 961 941 Clodio,
978 907 1068 932 cum
1083 906 1154 945 ego
1163 893 1361 946 publioem

229 960 399 996 causam,
419 949 484 987 ille
500 962 610 987 suam
625 948 854 987 defenderet.
885 949 927 986 N
929 956 1048 986 ostras
1066 947 1361 987 concertationes

229 1003 445 1053 respublica
457 1003 693 1053 dijudicavit.
723 1003 765 1043 Si
783 1002 939 1052 viveret,
955 1002 1054 1041 mihi
1068 1015 1157 1042 cum
1171 1002 1239 1041 illo
1253 1002 1362 1040 nulla

229 1064 422 1096 contentio
437 1058 522 1108 jam
540 1065 724 1097 maneret.

287 1112 316 1133 “
337 1110 484 1161 Quare,
501 1113 686 1164 quoniam
704 1113 777 1151 hoc
795 1126 818 1151 a
835 1125 899 1152 me
918 1113 971 1151 sic
985 1112 1097 1165 petis,
1112 1119 1171 1160 ut,
1192 1126 1280 1165 quae
1293 1119 1362 1151 tua

229 1171 396 1217 potestas
422 1174 492 1215 est,
521 1168 566 1205 ea
588 1180 702 1219 neges
728 1175 766 1206 te
789 1180 854 1205 me
879 1167 1000 1206 invito
1023 1179 1213 1213 usurum;
1243 1179 1364 1219 puero

230 1232 387 1272 quoque
410 1221 484 1260 hoc
514 1235 538 1260 a
560 1234 624 1260 me
651 1221 773 1270 dabis,
801 1221 832 1260 si
854 1221 925 1260 tibi
943 1221 1158 1260 videbitur:
1189 1233 1267 1260 non
1285 1234 1364 1274 quo

229 1281 298 1312 aut
317 1282 407 1313 aetas
426 1283 554 1314 nostra
568 1278 616 1314 ab
635 1276 740 1314 illius
755 1282 865 1314 aetate
877 1275 1093 1327 quidquam
1111 1275 1246 1316 debeat
1265 1276 1366 1327 peri-

230 1329 308 1367 culi
327 1329 526 1381 suspicari,
546 1338 613 1368 aut
632 1330 797 1381 dignitas
823 1343 910 1368 mea
933 1330 1056 1368 ullam
1082 1330 1364 1369 contentionem

233 1383 480 1430 extimescat;
517 1384 583 1423 sed
601 1392 646 1423 ut
664 1391 813 1423 nosmet
831 1384 904 1436 ipsi
922 1384 1021 1422 inter
1039 1396 1109 1423 nos
1129 1385 1366 1446 conjunctio-

231 1450 291 1476 res
305 1438 438 1500 simus,
453 1452 571 1492 quam
586 1439 712 1477 adhuc
724 1439 882 1477 fuimus.
905 1439 1248 1490 Interpellantibus
1261 1439 1363 1477 enim

231 1491 292 1530 his
311 1492 534 1540 inimicitiis,
555 1494 707 1531 animus
727 1501 817 1532 tuus
830 1493 929 1531 mihi
948 1493 1071 1544 magis
1089 1493 1228 1544 patuit,
1244 1506 1363 1545 quam

232 1545 383 1585 domus.
423 1548 499 1587 Sed
524 1548 606 1586 haec
629 1548 826 1586 hactenus.
869 1546 977 1586 Illud
1004 1554 1248 1593 extremum3
1278 1560 1363 1599 ego,

234 1614 323 1652 quae
340 1609 378 1639 te
396 1603 507 1651 velle,
528 1616 692 1655 quaeque
707 1602 757 1640 ad
771 1609 808 1640 te
825 1602 1014 1653 pertinere
1026 1602 1252 1650 arbitrabor,
1266 1614 1365 1640 sem-

232 1668 315 1706 per,
326 1655 407 1694 sine
419 1657 501 1696 ulla
513 1657 765 1703 dubitatione,
781 1669 935 1695 summo
946 1655 1072 1695 studio
1083 1656 1238 1696 faciam.
1259 1656 1363 1704 Hoc,

236 1709 367 1758 velim,
388 1711 459 1750 tibi
477 1711 632 1764 penitus
649 1710 919 1764 persuadeas.''

457 1876 576 1928 (14.)
608 1876 822 1917 CICERO
850 1876 1074 1918 ATTICO
1103 1878 1143 1917 S.

289 1985 394 2024 Itera
420 1985 516 2024 dum
542 1985 676 2025 eadem
701 1987 774 2026 ista
797 1986 908 2025 mihi.
949 1985 1164 2025 Coronatus
1188 1983 1362 2033 Quintus

234 2046 361 2078 noster
395 2039 612 2079 Parilibus.
603 2043 620 2069 9
662 2041 880 2080 Parilibus.
871 2043 889 2068 9
930 2041 1109 2079 solusne.
1099 2043 1117 2069 9
1158 2040 1229 2078 etsi
1253 2038 1362 2077 addis

235 2093 445 2140 Lamiam,
475 2094 580 2146 quod
598 2094 765 2133 demiror
787 2095 997 2157 equidem3
1028 2094 1093 2133 sed
1115 2094 1209 2133 scire
1233 2092 1362 2145 cupio,

234 2147 304 2199 qui
330 2148 475 2187 fuerint
498 2148 588 2187 alii.
619 2162 859 2202 quamquam
887 2149 977 2188 satis
1007 2149 1097 2196 scio,
1124 2148 1198 2187 nisi
1219 2147 1356 2199 impro

234 2202 343 2249 bum,
370 2202 577 2242 neminem.
616 2203 858 2255 Explanabis
886 2204 1005 2255 igitur
1033 2203 1105 2243 hoc
1129 2200 1363 2253 diligentius.
