1498 2401
343 99 425 139 AD
454 97 740 137 ATTICUM.
772 65 1020 137 L1i3.XIII.
1057 99 1118 137 16.
1220 100 1294 138 ιω

221 207 284 248 De
304 208 442 256 Bruto,
462 207 494 247 si
513 207 607 260 quid
627 206 697 246 erit
713 221 725 253 ς
754 206 803 244 de
819 204 983 254 Caesare,
1005 206 1036 244 si
1054 207 1148 259 quid
1167 208 1259 246 scies
1275 223 1288 254 ς

165 265 198 304 si
211 263 306 316 quid
319 262 390 301 erit
403 269 600 315 praeterea,
614 261 764 300 scribes.
794 261 900 299 Illud
918 260 1033 299 etiam
1045 269 1161 312 atque
1173 262 1288 301 etiam

161 316 386 365 consideres,
406 316 538 366 velim,
559 316 756 367 placeatne
781 314 854 353 tibi
879 314 983 353 mitti
1000 315 1049 353 ad
1070 315 1285 355 Varronem

163 371 268 424 quod
287 370 518 423 scripsimus.
548 369 635 408 Etsi
663 369 778 408 etiam
803 369 853 407 ad
872 376 909 408 te
928 368 1076 421 aliquid
1094 370 1258 422 pertinet
1272 385 1284 409 z

163 438 256 464 nam
284 425 391 472 scito,
428 432 467 463 te
499 424 534 463 ei
563 424 714 475 dialogo
743 425 970 474 adjunctum
1007 436 1085 462 esse
1115 425 1283 463 tertium.

161 480 315 532 Opinor
332 479 465 530 igitur,
487 479 790 517 consideremus:
823 478 893 516 etsi
910 477 1068 516 nomina
1082 479 1165 529 jam
1185 479 1284 518 facta

160 541 274 573 sunt:
304 534 370 573 sed
389 533 449 573 vel
467 533 612 583 induci,
633 533 694 571 vel
711 532 854 570 mutari
871 539 1042 584 possunt.

392 698 502 747 (15.)
533 695 747 738 CICERO
775 694 991 735 ATTICO
1021 696 1060 735 s.

212 805 322 854 Quid
340 804 434 856 agit,
453 807 605 844 obsecro
627 811 678 853 te,
700 804 830 844 Attica
855 807 1014 844 nostra?
1044 818 1135 843 nam
1151 805 1277 844 triduo

158 862 226 898 abs
245 867 283 898 te
310 860 436 898 nullas
460 873 702 910 acceperam:
736 872 805 898 nec
832 859 1001 898 mirum:
1031 872 1145 898 nemo
1173 859 1277 898 enim

158 920 312 952 venerat
326 928 336 951 :
367 925 436 952 nec
449 913 606 952 fortasse
618 927 730 952 causa
743 913 879 952 fuerat.
908 915 1047 965 Itaque
1065 914 1159 965 ipse,
1174 913 1278 965 quod

157 968 374 1016 scriberem,
394 980 472 1006 non
496 968 698 1006 habebam.
728 967 820 1014 Quo
842 975 972 1006 autem
991 968 1052 1005 die
1070 968 1139 1006 has
1158 968 1276 1006 Vale-

156 1022 213 1060 rio
237 1022 392 1067 dabam,
421 1023 689 1074 exspectabam
717 1022 886 1073 aliquem
910 1035 1108 1060 meorum:
1151 1022 1219 1073 qui
1243 1022 1276 1059 si

157 1077 333 1123 venisset,
353 1084 391 1114 et
409 1090 432 1115 a
450 1084 488 1114 te
506 1075 601 1128 quid
618 1076 818 1125 attulisset,
833 1076 1009 1115 videbam
1028 1088 1105 1115 non
1120 1076 1274 1114 defutu-

156 1144 258 1180 rum,
279 1130 383 1183 quod
402 1130 616 1170 scriberem.

374 1291 489 1341 (16.)
517 1290 729 1330 CICERO
758 1290 980 1329 ATTICO
1010 1290 1050 1329 S.

210 1398 293 1437 Nos
314 1410 405 1437 cum
423 1398 587 1438 flumina
612 1406 649 1438 et
667 1399 889 1438 solitudines
907 1412 1166 1451 sequeremur,
1193 1411 1271 1450 quo

153 1452 301 1492 facilius
327 1460 537 1492 sustentare
558 1466 627 1492 nos
654 1467 865 1506 possemus,
892 1454 1029 1506 pedem
1053 1468 1073 1492 e
1092 1453 1185 1491 villa
1203 1453 1270 1491 ad-

152 1508 229 1546 huc
247 1508 384 1559 egressi
402 1520 480 1546 non
499 1521 658 1554 sumus;
687 1509 742 1547 ita
767 1521 928 1560 magnos
954 1516 991 1547 et
1008 1508 1177 1547 assiduos
1196 1507 1270 1544 im-

152 1563 238 1600 bres
251 1562 501 1601 habebamus.
523 1562 640 1601 Illam
654 1562 883 1611 Ακαδημικην
902 1564 1067 1613 συνταξιν
1088 1570 1207 1600 totam
1221 1561 1269 1599 ad

154 1616 369 1654 Varronem
387 1617 641 1656 traduximus.
678 1617 811 1655 Primo
832 1617 908 1655 fuit
932 1616 1076 1660 Catuli,
1096 1615 1269 1664 Luculli,

155 1670 366 1709 Hortensii.
393 1670 559 1720 Deinde,
589 1671 681 1724 quia
704 1686 805 1721 παρα
834 1687 875 1709 το
901 1686 1034 1722 πρεπον
1054 1670 1267 1715 videbatur,

154 1723 259 1776 quod
277 1732 357 1763 erat
374 1725 595 1764 hominibus
613 1733 717 1773 nota,
737 1737 813 1763 non
837 1725 906 1763 illa
924 1724 1081 1777 quidem
1102 1724 1268 1761 απαιδευ-

156 1793 234 1825 σια,
254 1778 320 1817 sed
340 1779 382 1817 in
408 1779 455 1817 iis
479 1782 591 1819 rebus
618 1781 788 1831 ατριψια,
809 1779 926 1818 simul
950 1792 994 1817 ac
1019 1779 1106 1817 veni
1130 1777 1179 1816 ad
1197 1778 1270 1816 vil-

150 1832 246 1881 lam,
267 1833 420 1871 eosdem
438 1834 524 1872 illos
542 1846 731 1873 sermones
749 1834 799 1872 ad
817 1833 1004 1872 Catonem
1022 1833 1270 1883 Brutumque

153 1887 344 1925 transtuli.
373 1887 474 1926 Ecce
494 1895 572 1927 tuae
592 1889 712 1926 literae
729 1888 778 1926 de
796 1889 992 1927 Varrone:
1021 1886 1168 1925 nemini
1188 1887 1269 1925 visa

154 1948 211 1979 est
235 1941 358 1993 aptior
384 1948 574 1995 Αντιοχεια
594 1943 702 1981 ratio.
736 1942 815 1981 Sed
835 1949 964 1981 tamen
982 1941 1099 1980 velim
1129 1941 1269 1979 scribas

154 1994 206 2032 ad
231 2008 309 2045 me,
337 1995 522 2047 primum,
550 1998 747 2048 placeatne
773 1996 844 2036 tibi
870 1995 1016 2048 aliquid
1044 1996 1094 2034 ad
1124 1995 1267 2040 illum;

154 2048 308 2097 deinde,
328 2050 361 2088 si
387 2049 566 2102 placebit,
590 2051 711 2090 hocne
728 2051 984 2103 potissimum.
1016 2049 1125 2099 Quid
1143 2048 1270 2087 Servi-

153 2102 238 2142 lia?
264 2105 396 2154 jamne
414 2105 517 2143 venit
532 2107 550 2144 ?
588 2107 736 2159 Brutus
761 2105 897 2158 ecquid
919 2105 1012 2156 agit,
1039 2102 1266 2156 ecquando?

155 2156 218 2195 De
236 2158 385 2197 Caesare
409 2159 504 2210 quid
525 2160 680 2198 auditur
693 2162 712 2199 ?
740 2159 828 2211 Ego
847 2160 896 2199 ad
917 2161 1063 2205 Nonas,
1084 2156 1269 2210 quemad-

152 2212 313 2252 modum
332 2212 425 2252 dixi.
453 2214 514 2252 Tu
534 2227 621 2253 cum
643 2214 795 2263 Pisone,
817 2215 849 2253 si
868 2214 961 2266 quid
981 2212 1132 2264 poteris.

937 2279 962 2306 o
983 2269 1008 2305 3
