1498 2401
269 143 352 182 AD
381 143 432 192 Q.
463 143 763 185 FRATREM.
791 143 891 182 LIB.
919 141 1003 181 ΙΙΙ.
1028 142 1062 180 1.
1145 141 1223 180 321

105 256 304 302 propterea
339 252 443 303 quod
480 265 675 296 summam
705 251 931 304 dignitatem
967 249 1228 303 pavimentata

104 305 272 356 porticus
286 306 478 353 habebat3
500 307 605 359 quod
623 307 720 345 mihi
739 319 842 345 nunc
856 305 1021 357 denique
1033 304 1225 357 apparuit,

103 366 355 411 posteaquam
387 368 424 399 et
453 361 537 413 ipsa
566 368 645 399 tota
670 368 789 412 patet,
821 368 858 399 et
882 360 1072 398 columnae
1097 357 1227 410 politae

104 420 206 451 sunt.
235 414 384 459 Totum
411 415 452 453 in
471 428 515 454 eo
533 422 603 463 est,
625 414 749 465 (quod
767 414 864 452 mihi
883 413 954 452 erit
972 411 1090 463 curae)
1108 419 1226 451 tecto-

103 466 205 505 rium
224 475 269 506 ut
286 469 516 507 concinnum
541 468 601 507 sit.
643 468 872 506 Pavimenta
889 475 988 506 recte
1012 467 1095 506 fieri
1120 466 1226 505 vide-

102 521 255 560 bantur.
294 521 485 568 „Camaras
517 522 704 575 quasdam
722 534 799 560 non
813 521 985 573 probavi,
1005 520 1225 572 mutarique

97 574 208 623 jussi.
238 575 330 624 Quo
347 577 431 616 loco
448 578 489 615 in
507 577 654 629 porticu
675 583 712 615 te
730 576 892 615 scribere
919 575 1029 614 aiunt
1046 582 1091 613 ut
1110 575 1225 613 atrio-

100 628 186 666 lum
205 630 286 678 fiat,
314 631 425 679 mihi,
446 639 491 670 ut
509 639 579 680 est,
605 630 728 682 magis
746 630 944 682 placebat:
975 641 1100 680 neque
1119 629 1232 676 enim,

100 683 191 721 satis
203 684 277 723 loci
291 699 369 724 esse
387 685 587 725 videbatur
606 685 740 723 atriolo
755 699 766 722 ι
797 696 922 736 neque
939 682 1018 722 fere
1036 683 1132 722 solet
1150 682 1224 721 nisi

98 735 139 774 in
157 737 217 777 his
232 739 399 779 aedificiis
410 740 505 788 fieri,
520 740 562 778 in
581 739 722 791 quibus
741 745 797 777 est
814 738 956 777 atrium
970 737 1123 786 majus:
1153 749 1224 776 nec

98 790 240 831 habere
257 801 405 845 poterat
423 794 604 845 adjuncta
622 793 812 841 cubicula,
827 799 871 839 et
889 791 1079 841 ejusmodi
1098 804 1222 830 mem-

98 845 180 885 bra.
219 847 338 888 Nunc
356 848 428 887 hoc
447 848 509 893 vel
538 846 756 897 [honestate
780 846 994 893 testudinis,
1020 845 1081 884 vel
1111 844 1224 883 valde

97 899 190 938 boni
209 901 384 941 aestivum
401 903 552 954 locum]
573 901 770 950 obtinebit.
808 901 875 950 Tu
904 908 1034 943 tamen
1060 899 1094 937 si
1112 899 1223 938 aliter

96 955 228 1012 sentis,
249 956 410 995 rescribe
438 969 558 1008 quam
586 956 771 1008 primum.
811 956 862 994 In
890 953 1107 1001 balneariis,
1138 966 1222 992 assa

94 1019 136 1046 m
157 1009 320 1048 alterum
348 1010 559 1062 apodyterii
589 1010 778 1061 angulum
810 1008 1000 1061 promovi,
1020 1014 1221 1059 propterea

95 1063 201 1113 quod
217 1063 272 1102 ita
290 1073 397 1103 erant
415 1065 551 1116 posita,
567 1072 613 1103 ut
631 1077 764 1112 eorum
778 1062 1036 1115 vaporarium,
1055 1060 1125 1110 [ex
1143 1074 1221 1112 quo

94 1115 194 1167 ignis
207 1119 410 1171 erumpit,]
426 1126 521 1157 esset
535 1120 751 1168 subjectum
767 1116 964 1156 cubiculis.
994 1115 1222 1165 Subgrande

94 1171 317 1210 cubiculum
335 1180 480 1221 autem,
501 1180 538 1211 et
555 1172 762 1210 hibernum
791 1172 929 1218 altum,
950 1169 1061 1212 valde
1079 1170 1225 1221 proba-v

94 1224 146 1277 vi,
163 1225 268 1277 quod
287 1234 324 1265 et
333 1227 468 1278 'ampla
487 1233 608 1274 erant,
629 1232 667 1264 et
683 1225 766 1267 loco
785 1224 922 1276 posita,
945 1222 1218 1264 ambulationis

92 1291 172 1318 uno
190 1279 322 1330 latere,
350 1293 408 1330 eo,
435 1280 540 1332 quod.
558 1287 614 1318 est
629 1279 856 1331 proximum
881 1276 1097 1316 balneariis.
1139 1278 1218 1315 Co-

91 1332 246 1372 lumnas
263 1347 389 1387 neque
406 1341 527 1373 rectas
545 1346 671 1385 neque
685 1346 705 1371 e
723 1332 876 1384 regione
895 1331 1082 1382 Diphilus
1101 1330 1217 1369 collo-

91 1387 220 1426 carat:
251 1401 314 1427 eas
333 1388 474 1427 scilicet
491 1387 731 1426 demolietur.
759 1385 987 1438 Aliquando
1015 1383 1217 1436 perpendi-

90 1441 178 1480 culo
193 1449 230 1480 et
246 1442 347 1487 linea
365 1442 482 1481 discet
500 1442 570 1480 uti.
600 1440 775 1480 Omnino
793 1452 904 1493 spero
921 1439 1053 1491 paucis
1072 1438 1217 1477 mensi-

89 1496 163 1534 bus
176 1509 273 1547 opus
290 1497 446 1549 Diphili
462 1495 674 1549 perfectum
688 1494 790 1533 fore:
813 1501 921 1532 curat
935 1492 1039 1533 enim
1050 1492 1214 1544 diligen-

87 1549 234 1589 tissime
254 1550 415 1600 Caesius,
435 1550 505 1603 qui
521 1557 608 1594 tum
625 1562 780 1594 mecum
799 1548 886 1586 fuit.

144 1604 204 1643 ΙΙ.
233 1605 300 1644 Ex
319 1618 363 1644 eo
380 1605 464 1644 loco
482 1606 586 1648 recta
605 1601 799 1643 Vitularia
818 1602 881 1646 via
900 1601 1060 1656 profecti
1077 1614 1213 1642 sumus

87 1657 130 1696 in
144 1658 396 1698 Fufidianum
420 1658 602 1706 fundum,
621 1670 740 1709 quem
758 1656 830 1697 tibi
857 1656 1045 1708 proximis
1064 1655 1212 1694 nuntiis

87 1712 233 1764 Arpini
254 1713 302 1752 de
320 1713 475 1752 Fufidio
500 1713 573 1752 HS
593 1710 845 1751 0001030
865 1723 1092 1749 emeramus.
1123 1709 1213 1761 Ego

86 1767 217 1806 locum
237 1775 366 1806 aestate
383 1766 661 1807 umbrosiorem
679 1765 759 1805 vidi
777 1777 981 1817 nunquam
996 1778 1009 1810 ;
1038 1763 1213 1816 permul-

87 1821 137 1859 tis
155 1821 247 1860 locis
266 1834 409 1873 aquam
435 1821 704 1874 profluentem,
732 1826 770 1858 et
795 1832 880 1858 eam
898 1820 1070 1858 uberem.
1101 1817 1212 1865 Quid

87 1876 227 1927 quaeris
240 1878 258 1915 Ρ
287 1876 317 1915 J
319 1889 436 1928 ugera
464 1876 501 1913 L
525 1874 626 1927 prati
644 1874 789 1913 Caesius
820 1873 1071 1925 irrigaturum
1099 1871 1212 1910 facile

87 1937 125 1967 te
143 1930 410 1969 arbitrabatur.
438 1929 635 1981 Equidem
648 1929 735 1977 hoc,
749 1928 854 1980 quod
867 1926 1006 1965 melius
1019 1925 1208 1976 intelligo,

86 1983 250 2034 affirmo,
270 1984 434 2023 mirifica.
460 1983 646 2022 suavitate
663 1990 701 2021 te
720 1982 851 2021 vinam
870 1981 1110 2027 habiturum,
1130 1979 1210 2030 pis-

84 2038 173 2077 cina
192 2046 230 2077 et
247 2038 469 2078 salientibus
487 2037 639 2084 additis,
655 2036 846 2089 palaestr‘a,
866 2043 904 2074 et
922 2034 1018 2074 silva
1032 2032 1208 2072 viridica-

86 2091 140 2131 ta.
182 2092 369 2132 Fundum
393 2091 509 2131 audio
535 2098 574 2130 te
603 2091 708 2132 hunc
726 2089 977 2130 Bovillanum
1002 2088 1100 2127 velle
1117 2086 1207 2126 reti-

85 2157 175 2185 nere
188 2162 200 2186 z
229 2146 278 2187 de
301 2160 346 2187 eo
374 2145 470 2199 quid
493 2144 680 2194 videatur,
706 2145 788 2196 ipse
815 2142 1032 2184 constitues,
1061 2141 1205 2181 Calvus

85 2199 224 2253 aiebat,
250 2201 353 2255 aqua
370 2198 514 2251 demta,
537 2206 576 2239 et
595 2200 678 2250 ejus
695 2212 818 2262 aquae3
820 2199 908 2249 jure
926 2195 1145 2246 constituto,
1165 2202 1203 2234 et
