1498 2401
207 132 291 178 270
390 129 474 170 AD
501 130 555 179 Q.
582 127 885 169 FRATREM.
913 128 1014 168 Lm.
1044 127 1080 167 1.
1111 127 1153 178 1,

216 247 274 279 ter
291 251 463 286 amorem
481 238 522 276 in
541 250 610 277 nos
634 238 860 288 fraternum,
884 237 1000 277 etiam
1017 235 1066 274 de
1083 234 1214 274 nostra
1229 234 1338 274 labo-

216 301 287 333 ret.
318 284 559 343 Quaestorem
591 292 722 341 habes,
754 304 833 330 non
861 298 929 330 tuo
957 289 1103 341 judicio
1130 289 1338 336 delectum,

216 347 284 389 sed
313 360 420 396 eum,
455 359 572 398 quem
606 359 684 385 sors
715 345 831 384 dedit.
862 345 982 384 Hunc
1017 350 1165 406 oportet
1195 349 1234 382 et
1266 341 1339 381 sua

217 408 351 452 sponte
370 414 449 439 esse
466 400 720 448 moderatum,
736 407 774 439 et
787 399 863 438 tuis
880 398 1064 438 institutis
1082 411 1126 436 ac
1142 395 1339 448 praeceptis

217 456 489 506 obtemperare.

272 509 453 556 Quorum
473 508 504 547 si
529 508 614 560 quis
632 508 730 547 forte
759 514 855 547 esset
873 506 1072 554 sordidior,
1091 505 1208 545 ferres
1237 503 1340 543 eate-

217 574 306 610 nus,
329 562 456 614 quoad
473 576 541 614 per
571 575 610 600 se
629 563 837 613 negligeret
858 575 920 600 eas
940 562 1056 612 leges,
1081 560 1222 612 quibus
1241 564 1340 597 esset

215 616 444 662 adstrictus;
475 628 552 654 non
570 624 615 654 ut
643 630 687 655 ea
705 623 904 668 potestate,
933 627 1052 666 quam
1071 621 1115 652 tu
1143 613 1193 652 ad
1210 613 1338 674 digni-

218 677 336 708 tatem
349 670 593 721 permisisses,
609 670 657 708 ad
671 677 863 721 quaestum
874 676 1054 707 uteretur.
1083 667 1224 719 Neque
1235 666 1338 705 enim

217 724 316 762 mihi
335 736 425 762 sane
452 725 590 776 placet,
619 725 829 775 praesertim
855 735 947 761 cum-
971 722 1013 760 hi
1037 734 1163 760 mores
1187 728 1341 759 tantum

214 779 299 828 jam
317 778 367 816 ad
385 778 546 816 nimiam
561 778 758 815 lenitatem
775 784 812 815 et
829 777 878 814 ad
893 775 1141 814 ambitionem
1155 775 1340 813 incubue-

218 832 310 878 rint,
331 832 490 870 scrutari
509 840 545 869 te
563 844 696 869 omnes
722 830 865 878 sordes,
885 837 1061 869 excutere
1078 841 1340 880 unumquem-

219 899 296 937 que
315 898 475 931 eorum;
507 885 586 934 sed,
607 892 752 936 quanta
766 884 814 923 sit
831 885 872 922 in
887 897 1042 936 quoque
1059 882 1167 932 fides,
1187 890 1338 921 tantum

219 940 358 990 cuique
388 939 639 978 committere.
667 940 797 990 Atque
818 939 918 976 inter
941 937 1027 984 hos,
1052 950 1129 984 eos,
1155 950 1252 988 quos
1269 936 1340 976 tibi

219 994 374 1031 comites
405 1001 442 1031 et
473 993 664 1043 adjutores
692 992 932 1044 negotiorum
960 991 1204 1042 publicorum
1235 989 1341 1029 dedit

218 1046 302 1098 ipsa
320 1048 549 1109 respublica,
570 1047 760 1086 duntaxat
779 1046 918 1085 finibus
936 1045 996 1084 his
1015 1044 1227 1097 praestabis,
1242 1057 1339 1097 quos

219 1109 307 1139 ante
325 1101 548 1153 praescripsi.

275 1155 352 1193 IV.
381 1155 491 1204 Quos
514 1168 603 1194 vero
621 1162 689 1194 aut
718 1168 766 1194 ex
785 1154 1000 1194 domesticis
1025 1153 1338 1203 convictionibus,

218 1216 288 1249 aut
307 1222 354 1248 ex
374 1209 589 1248 necessariis
603 1209 918 1261 apparitionibus,
934 1217 1061 1248 tecum
1076 1221 1156 1247 esse
1173 1208 1341 1257 voluisti,

219 1263 288 1314 qui
307 1263 416 1315 quasi
435 1277 482 1302 ex
501 1264 653 1302 cohorte
666 1264 837 1315 praetoris
856 1263 1040 1314 appellari
1053 1262 1188 1310 solent,
1200 1261 1342 1300 horum

216 1329 297 1357 non
317 1317 431 1356 modo
454 1318 567 1365 facta,
595 1317 661 1355 sed
688 1318 803 1356 etiam
827 1317 942 1365 dicta,
970 1316 1101 1355 omnia
1126 1316 1341 1367 praestanda

219 1371 329 1409 nobis
348 1379 451 1410 sunt.
479 1371 556 1411 Sed
580 1372 697 1410 habes
725 1384 788 1410 eos
807 1379 949 1418 tecum,
980 1383 1078 1422 quos
1101 1369 1221 1421 possis
1239 1377 1339 1409 recte

218 1424 399 1463 facientes
414 1425 523 1464 facile
538 1425 694 1476 diligere
712 1438 724 1470 ς
753 1425 882 1463 minus
896 1425 1133 1463 consulentes
1145 1423 1341 1463 existima*

220 1478 317 1516 tioni
336 1487 427 1526 tuae,
455 1479 635 1517 facillime
655 1479 848 1523 coercere;
879 1491 902 1516 a
930 1478 1086 1529 quibus,
1113 1477 1220 1516 rudis
1249 1490 1339 1516 cum

220 1545 332 1580 essae,
360 1532 509 1570 videtur
537 1532 705 1584 potuisse
734 1540 802 1570 tua
825 1532 1030 1570 liberalitas
1055 1531 1200 1583 decipi:
1230 1542 1338 1581 nam,

220 1593 266 1624 ut
284 1586 446 1638 quisque
473 1593 527 1625 est
546 1587 604 1625 vir
621 1587 804 1638 optimus,
823 1586 878 1624 ita
904 1585 1127 1624 difficillime
1151 1598 1229 1624 esse
1246 1585 1341 1625 alios

220 1639 414 1691 improbos
446 1640 681 1691 suspicatur:
712 1652 816 1679 nunc
845 1653 933 1679 vero
961 1640 1095 1678 tertius
1125 1639 1189 1678 hic
1216 1651 1341 1679 annus

219 1694 359 1733 habeat
377 1694 635 1746 integritatem
655 1694 844 1743 eamdem,
865 1707 984 1746 quam
1003 1694 1228 1746 superiores,
1248 1706 1340 1732 cau-

221 1748 356 1786 tiorem
376 1748 490 1786 etiam
510 1761 553 1787 ac
572 1748 863 1799 diligentiorem.

275 1802 361 1840 Sint
372 1816 418 1840 au
424 1815 482 1840 res
494 1809 584 1850 tuae,
602 1816 689 1854 quae
700 1802 754 1849 id,
771 1801 874 1854 quod
889 1802 1066 1850 audiunt,
1075 1800 1341 1841 existimentur

219 1856 368 1904 audire,
398 1868 475 1894 non
502 1856 543 1893 in
563 1869 657 1907 quas
675 1856 761 1895 ficte
780 1863 816 1894 et
835 1856 1013 1895 simulate
1041 1858 1208 1908 quaestus
1226 1855 1341 1895 causa

220 1909 490 1948 insusurretur.
519 1909 578 1949 Sit
595 1910 762 1948 annulus
784 1917 888 1958 tuus,
907 1922 986 1949 non
1014 1918 1060 1948 ut
1086 1923 1152 1948 vas
1169 1909 1340 1961 aliquod,

222 1963 290 2002 sed
318 1972 522 2025 tamquam
544 1963 625 2016 ipse
644 1972 716 2010 tu;
745 1976 823 2002 non
848 1963 1021 2003 minister
1048 1963 1182 2002 alienae
1205 1963 1342 2002 volun-

221 2018 324 2065 tatis,
344 2018 410 2056 sed
439 2017 543 2056 testis
570 2025 659 2056 tuae.
687 2018 886 2057 Accensus
914 2018 963 2056 sit
985 2031 1028 2056 eo
1055 2029 1230 2066 numero,
1263 2030 1342 2069 quo

222 2084 313 2110 eum
331 2072 495 2121 majores
514 2072 634 2110 nostri
652 2085 731 2110 esse
750 2072 980 2118 voluerunt3
1011 2071 1079 2124 qui
1096 2071 1183 2120 hoc,
1203 2082 1280 2109 non
1298 2070 1340 2109 in

221 2125 396 2164 beneficii
413 2126 509 2173 loco,
526 2125 625 2164 sed
614 2138 655 2163 m
673 2125 813 2164 laboris
831 2139 875 2164 ac
892 2126 1076 2174 muneris,
1102 2137 1180 2164 non
1198 2131 1340 2164 temere

221 2178 295 2217 11151
313 2179 457 2218 libertis
476 2180 553 2218 suis
571 2179 819 2219 deferebant·
808 2208 820 2225 ‚
850 2180 993 2232 quibus
1010 2180 1068 2218 illi
1086 2179 1243 2231 quidem
1261 2191 1339 2217 non

221 2232 346 2272 multo
372 2246 492 2283 secus,
525 2246 569 2273 ac
597 2233 726 2283 servis,
757 2233 1008 2287 imperabant.
1037 2233 1096 2274 Sit
1125 2233 1234 2272 lictor
1262 2244 1337 2287 non
