1467 2401
317 80 397 120 AD
427 80 714 120 ATTICUM.
744 80 848 120 Lm.
872 79 951 120 XI.
985 80 1048 119 13.
1196 79 1248 117 85

110 188 298 229 termittas
319 189 468 241 (quoad
486 190 570 239 ejus
588 189 713 228 facere
735 189 895 242 poteris)
917 189 1081 228 scribere
1099 186 1148 226 ad
1166 200 1246 234 me,

109 243 225 282 etiam
245 244 393 290 sitem,
422 244 470 282 de
497 245 577 296 qua
597 244 752 291 scribas,
773 257 851 282 nen
880 243 1064 283 habebis:
1097 255 1248 294 semper

107 297 210 336 enim
231 298 397 336 afferunt
415 298 565 350 aliquid
584 298 683 336 mihi
703 307 780 336 tuae
798 299 930 337 literae.

161 352 344 391 Galeonis
362 353 625 391 haereditatem
645 352 771 397 crevi3
797 361 893 404 puto
913 352 1016 391 enim
1037 351 1244 390 cretionem

107 404 322 458 simplicem
349 407 481 455 fuisse,
512 407 698 460 quoniam
724 407 774 445 ad
801 420 866 446 me
893 407 1004 446 nulla
1031 406 1148 444 missa
1176 411 1246 443 est.

109 459 221 500 VIII
241 460 304 500 Id.
325 461 447 500 Mart.

329 626 446 678 (13.)
485 624 699 666 CICERO
727 625 953 666 ATTICO
982 626 1023 666 s.

165 735 204 774 A
218 733 266 773 M
270 746 398 774 urenae
411 734 548 782 liberto
555 735 654 773 nihil
666 735 792 773 adhuc
801 746 1019 808 acceperam
1030 733 1243 771 literarum.

111 789 160 828 P.
185 789 286 830 Siser
311 788 526 828 reddiderat
552 802 630 835 eas,
655 790 797 841 quibus
823 790 997 828 rescribo.
1036 788 1100 826 De
1120 787 1243 826 Servii

111 844 231 896 patris
258 843 376 882 literis
402 843 507 895 quod
535 844 692 890 scribis3
722 844 830 891 item,
859 844 1055 891 Quintum
1075 842 1115 879 in
1135 841 1243 893 Syri-

109 911 174 936 am
193 897 353 946 venisse,
375 897 480 949 quod
501 898 556 936 ais
577 911 656 937 esse
682 899 750 951 qui
779 899 984 944 nuntient3
1015 910 1064 936 ne
1096 897 1136 935 id
1156 895 1245 949 qui-

108 953 199 991 dem
218 965 353 990 verum
372 959 439 990 est.

163 1006 282 1055 Quod
313 1006 509 1045 certiorem
536 1014 572 1046 te
592 1020 648 1045 ws
681 1006 778 1055 fieri,
814 1020 892 1058 quo
918 1006 1081 1059 quisque
1108 1006 1147 1044 in
1177 1017 1242 1044 me

109 1060 241 1100 animo
260 1060 322 1108 sit,
342 1068 410 1099 aut
426 1060 557 1108 fuerit,
579 1074 713 1100 eorum
741 1061 810 1114 qui
834 1062 911 1100 huc
930 1069 1117 1099 venerunt
1133 1074 1145 1105 ς
1175 1073 1242 1098 ne-

107 1116 255 1154 minem
274 1114 398 1154 alieno
416 1115 601 1154 intellexi.
630 1115 719 1165 Sed,
741 1123 933 1168 quantum
959 1115 1000 1153 id
1017 1115 1107 1153 mea
1125 1115 1244 1153 inter-

108 1170 171 1218 sit,
192 1169 410 1208 existimare
428 1177 465 1208 te
483 1183 594 1221 posse
620 1178 720 1209 certo
740 1170 829 1209 scio.
869 1170 976 1208 Mihi
1002 1182 1092 1208 cum
1111 1169 1243 1208 omnia

108 1231 200 1263 sunt
218 1223 472 1262 intolerabilia
491 1224 541 1262 ad
558 1224 744 1273 dolorem,
765 1232 852 1263 tum
870 1224 1056 1269 maxime,
1078 1224 1182 1275 quod
1200 1223 1242 1262 in

109 1291 196 1318 eam
215 1291 370 1317 causam
388 1279 533 1316 venisse
555 1291 618 1318 me
638 1279 762 1326 video,
783 1287 827 1317 ut
853 1292 897 1317 ea
917 1279 996 1317 sola
1014 1279 1126 1317 utilia
1143 1277 1243 1316 mihi

107 1346 186 1372 esse
204 1332 420 1380 videantur,
441 1346 529 1385 quae
548 1346 697 1384 semper
715 1333 834 1372 nolui.
869 1334 916 1372 P.
937 1333 1153 1371 Lentulum
1172 1346 1242 1384 pa-

106 1394 206 1426 trem
225 1386 359 1426 Rhodi
378 1400 458 1426 esse
478 1387 600 1436 aiunt,
620 1388 872 1426 Alexandriae
891 1387 1018 1426 filium
1034 1400 1046 1433 ς
1078 1387 1241 1425 Rhodo-

104 1455 182 1494 que
200 1441 484 1481 Alexandriam
514 1442 563 1482 C.
587 1442 767 1482 Cassium
789 1442 1007 1495 profectum
1040 1454 1120 1480 esse
1150 1453 1241 1481 con-

161 1551 336 1600 Quintus
355 1551 454 1591 mihi
471 1566 540 1605 per
556 1554 685 1593 literas
705 1552 901 1599 satisfacit,
927 1551 1053 1591 multo
1072 1550 1244 1604 asperio-

104 1605 212 1646 ribus
230 1607 369 1655 verbis,
401 1621 522 1659 quam
553 1622 643 1647 cum
677 1608 898 1660 gravissime
921 1609 1134 1646 accusabat.
1170 1607 1244 1646 Ait

106 1661 227 1708 enim,
248 1674 287 1700 se
306 1674 355 1699 ex
379 1662 498 1700 literis
524 1663 601 1702 tuis
626 1663 853 1714 intelligere,
883 1662 955 1700 tibi
979 1674 1056 1700 non
1075 1662 1240 1713 placere,

107 1715 214 1777 quod
232 1715 282 1753 ad
299 1716 443 1754 multos
463 1716 510 1755 de
535 1730 600 1756 me
618 1717 788 1770 asperius
807 1716 1019 1768 scripserit.
1050 1716 1182 1768 itaque
1201 1729 1243 1755 se

107 1770 306 1834 poenitere,
340 1770 445 1822 quod
477 1772 654 1810 animum
685 1779 801 1810 tuum
833 1770 1059 1810 offenderit:
1103 1771 1169 1809 sed
1197 1783 1240 1810 se

102 1826 192 1875 jure
210 1824 353 1864 fecisse.
390 1824 544 1865 Deinde
569 1827 769 1879 perscribit
795 1825 1051 1878 spurcissime,
1073 1838 1169 1876 quas
1187 1826 1239 1864 ob

107 1892 239 1920 causas
264 1879 406 1918 fecerit.
448 1881 525 1919 Sed
553 1894 679 1934 neque
703 1881 776 1920 hoc
801 1890 986 1942 tempore,
1016 1893 1087 1918 nec
1108 1889 1235 1928 antea,

105 1933 343 1986 patefecisset
361 1933 496 1973 odium
521 1949 637 1974 suum
661 1937 703 1974 in
724 1949 802 1984 me,
831 1935 906 1974 nisi
924 1934 1105 1973 omnibus
1124 1935 1241 1973 rebus

105 2001 170 2028 me
189 2001 269 2027 esse
287 2001 514 2040 oppressum
533 1990 691 2029 videret.
728 1990 864 2042 Atque
889 1989 1040 2027 utinam
1059 1988 1122 2026 vel
1146 2001 1240 2027 noc-

104 2042 230 2082 turnis
251 2043 601 2095 (quemadmodum
615 2052 659 2083 tu
674 2043 894 2097 scripseras)
920 2043 1123 2082 itineribus
1147 2055 1239 2094 pro-

105 2097 194 2150 pius
213 2104 251 2136 te
268 2098 533 2137 accessissem!
572 2100 708 2149 Nunc,
731 2112 803 2139 nec
827 2099 899 2139 ubi
920 2111 991 2137 nec
1018 2097 1173 2150 quando
1198 2104 1239 2136 te

104 2153 178 2192 sim
197 2151 364 2200 visurus,
383 2166 542 2204 possum
561 2154 756 2206 suspicari.

159 2205 226 2245 De
244 2206 503 2247 cohaeredibus
520 2208 736 2249 Fufidianis
755 2208 854 2248 nihil
872 2207 962 2257 fuit,
982 2205 1088 2260 quod
1106 2205 1154 2245 ad
1174 2218 1240 2245 me

159 2262 327 2313 (Epist.)
355 2272 559 2302 VOL.111.
938 2274 956 2300 1
