1498 2401
199 80 220 95 “
340 81 423 120 AD
452 80 505 129 Q.
536 80 838 120 FRATREM.
869 80 971 120 L113.
993 79 1074 118 ΙΙΙ.
1096 81 1134 119 4.
1220 81 1304 119 333

176 188 389 228 auriculam
414 190 572 229 fortasse
598 189 792 228 mordicus
817 190 1061 229 abstulisset:
1093 202 1183 229 cum
1213 187 1307 231 Clo-

177 243 242 282 dio
256 244 414 295 quidem
429 252 528 283 certe
541 244 713 283 rediisset
726 245 767 282 in
780 245 956 295 gratiam.
971 245 1059 296 Ego
1070 257 1160 283 vero
1170 257 1306 282 meum

176 298 377 336 consilium
400 299 453 351 (si
469 299 683 350 praesertim
703 306 746 336 tu
766 311 844 337 non
863 298 1078 351 improbas)
1099 299 1306 338 vehemen-

174 360 232 389 ter
250 355 432 404 approbo.
464 354 552 401 Ille,
573 366 662 392 cum
691 366 714 390 a
739 365 803 390 me
822 353 1081 404 singularibus
1107 353 1204 391 meis
1225 359 1304 391 stu-

172 405 245 444 diis
278 415 434 445 ornatus
465 416 575 455 esset,
603 420 771 458 cumque
797 420 867 458 ego
894 407 952 445 illi
981 408 1080 446 nihil
1109 408 1304 453 deberem,

172 460 239 498 ifle
258 461 356 499 mihi
374 462 519 509 omnia,
536 470 666 500 tamen
686 461 725 498 in
741 474 782 499 re
797 462 954 512 publica
973 474 1037 500 me
1060 475 1083 500 a
1101 474 1141 500 se
1160 461 1304 499 dissen-

173 513 334 555 tientem
353 528 430 554 non
456 516 547 554 tulit
568 516 685 568 (nihil
710 515 837 553 dicam
864 515 1038 567 gravius)
1058 530 1070 562 ;
1101 523 1152 563 et,
1173 516 1304 553 minus

171 575 308 620 potens
341 583 385 608 eo
414 578 600 622 tempore,
635 569 731 621 quid
761 569 802 608 in
835 582 900 608 me
930 570 1127 609 florentem
1161 577 1303 621 posset,

172 623 352 662 ostendit.
382 625 423 663 N
426 638 516 670 unc,
534 638 624 664 cum
643 637 713 675 ego
727 637 777 662 ne
802 636 932 662 curem
953 624 1111 675 quidem
1130 623 1304 662 multum

171 690 296 729 posse,
328 692 388 717 res
419 679 577 731 quidem
607 679 765 731 publica
787 687 886 717 certe
912 678 1012 716 nihil
1036 679 1170 731 possit,
1200 691 1304 716 unus

171 732 238 770 ille
267 734 399 772 omnia
427 734 562 785 possit,
587 747 678 773 cum
708 734 776 771 illo
801 734 884 785 ipso
916 733 1219 772 contenderem?
1250 733 1303 770 510

171 786 274 825 enim
294 787 515 826 faciendum
540 788 687 826 fuisset.
717 789 810 826 Non
829 787 1007 826 existimo
1035 796 1073 826 te
1090 795 1241 840 putare,
1262 787 1304 824 id

170 841 269 879 mihi
288 842 576 894 suscipiendum
597 843 727 881 fuisse.
756 842 1020 889 Alterutrum,
1045 841 1174 894 inquit
1199 842 1301 879 idem

171 896 392 945 Sallustius,
415 897 674 936 defendisses:
706 896 823 948 idque
850 897 1038 948 Pompeio
1057 895 1302 936 contendenti

169 949 361 990 dedisses:
393 952 535 990 etenim
554 952 798 991 vehementer
813 953 957 990 orabat.
988 951 1184 1003 Lepidum
1203 950 1303 988 ami·

169 1017 260 1042 cum
281 1005 525 1053 Sallustium,
553 1006 622 1058 qui
649 1006 748 1044 mihi
772 1013 840 1044 aut
862 1005 1083 1044 inimicitias
1102 1012 1214 1057 putet
1231 1018 1300 1056 pe-

167 1059 350 1098 riculosas
376 1060 596 1099 subeundas
621 1060 752 1108 fuisse,
781 1067 849 1098 aut
871 1060 1073 1098 infamiam
1101 1059 1300 1111 sempiter-

168 1125 274 1152 nam.
304 1115 393 1165 Ego
419 1128 508 1153 vero
533 1115 605 1154 hac
628 1114 889 1153 mediocritate
915 1114 1104 1153 delector:
1137 1127 1180 1152 ac
1199 1112 1298 1151 mihi

167 1167 266 1206 illud
293 1169 515 1218 jucundum
535 1177 605 1216 est,
627 1169 747 1221 quod,
768 1181 858 1207 cum
879 1168 1143 1206 testimonium
1163 1180 1298 1206 secun-

166 1222 264 1260 dum
287 1223 405 1262 fidem
431 1231 468 1261 et
493 1224 717 1275 religionem
747 1223 972 1274 gravissime
992 1222 1188 1270 dixissem,
1209 1234 1298 1260 reus

164 1276 279 1325 dixit,
311 1277 342 1315 si
363 1278 404 1316 in
425 1278 576 1316 civitate
601 1278 769 1316 licuisset
795 1277 867 1315 51111
891 1290 984 1323 0550,
1012 1277 1110 1315 1111111
1130 1291 1168 1316 50
1188 1276 1299 1315 satis-

163 1331 359 1370 facturum
376 1347 386 1370 :
418 1344 544 1384 neque
563 1345 626 1370 me
645 1331 861 1383 quidquam
880 1331 1140 1382 interrogavit.

218 1386 283 1424 De
301 1386 487 1435 versibus,
508 1399 606 1437 quos
624 1385 696 1424 tibi
724 1398 747 1423 a
766 1398 830 1423 me
851 1385 964 1424 scribi
982 1385 1054 1433 vis,
1075 1385 1179 1424 deest
1197 1385 1297 1424 mihi

161 1440 321 1492 quidem
346 1453 475 1493 opera,
508 1454 596 1492 quae
628 1452 706 1478 non
735 1440 852 1477 modo
884 1447 1053 1491 tempus,
1085 1440 1151 1479 sed
1179 1440 1296 1478 etiam

162 1495 340 1533 animum
359 1507 524 1534 vacuum
545 1497 594 1534 ab
620 1494 727 1532 omni
746 1494 839 1532 cura
858 1493 1046 1536 desiderat
1062 1508 1072 1532 :
1104 1494 1169 1533 sed
1188 1496 1295 1533 abest

163 1548 280 1587 etiam
309 1552 595 1598 ενΞ-ουσιασμοςε
627 1561 706 1587 non
735 1548 838 1587 enim
863 1560 999 1586 sumus
1028 1549 1187 1587 omnino
1212 1549 1294 1586 sine

163 1601 253 1642 cui-5.
279 1603 464 1642 venientis
487 1603 594 1651 anni,
621 1603 692 1642 etsi
718 1615 852 1641 sumus
879 1602 960 1641 sine
985 1602 1134 1641 timore.
1166 1603 1294 1642 Simul

163 1665 201 1696 et
232 1657 332 1696 illud
363 1657 463 1710 (sine
495 1658 593 1704 ulla,
623 1658 856 1705 mehercule,
884 1656 1008 1695 ironia
1037 1656 1192 1709 loquor)
1225 1657 1295 1696 tibi

161 1711 272 1750 istius
283 1711 432 1764 generis
449 1711 489 1750 in
505 1712 704 1751 scribendo
718 1711 862 1764 priores
876 1719 1004 1763 partes
1015 1711 1157 1759 tribuo,
1173 1725 1294 1765 quam

160 1766 271 1805 1111111.

217 1821 283 1860 De
301 1821 534 1860 bibliotheca
558 1819 626 1860 tua
647 1821 784 1861 Graeca
803 1821 1033 1876 supplenda,
1059 1821 1167 1862 libris
1186 1834 1292 1861 com-

160 1876 374 1924 mutandis,
409 1876 560 1914 Latinis
593 1877 890 1929 comparandis;
922 1878 1033 1916 valde
1065 1877 1182 1916 velim
1220 1876 1293 1914 ista

161 1930 310 1978 confici,
355 1930 568 1982 praesertim
597 1944 687 1970 cum
718 1931 767 1968 ad
813 1945 948 1971 meum
981 1944 1137 1984 quoque
1174 1942 1291 1968 usum

161 1992 343 2035 spectent.
387 1984 463 2023 Sed
491 1997 576 2036 ego,
607 1985 740 2023 mihi
729 1986 804 2036 ipsi
827 1987 900 2025 ista
924 2000 993 2038 per
1019 1999 1136 2038 quem
1159 1997 1289 2034 agam,

160 2051 239 2077 non
258 2038 408 2084 habe03
438 2051 564 2091 neque
587 2039 691 2078 enim
711 2041 862 2079 venalia
890 2048 994 2089 sunt,
1015 2054 1104 2092 quae
1131 2038 1290 2091 quidem

158 2093 364 2144 placeant3
386 2100 423 2132 et
442 2093 591 2138 confici,
611 2094 687 2140 11151
700 2107 768 2146 per
787 2094 987 2133 hominem
1011 2102 1048 2133 et
1066 2094 1233 2154 peritum
1253 2100 1290 2131 et

156 2147 395 2198 diligentem,
426 2160 504 2186 non
537 2155 710 2199 possunt.
750 2148 971 2201 Chrysippo
1004 2156 1135 2187 tamen
1166 2146 1291 2199 impe,

153 2203 260 2250 rabo,
281 2209 317 2242 et
336 2215 426 2246 cum
447 2202 697 2254 Tyrannione
715 2203 864 2256 loquar.
