1498 2401
369 98 448 138 DE
478 96 669 137 PETIT.
700 97 861 138 CONS.
894 97 956 137 12.
1144 95 1226 142 397

103 203 316 255 Platonico,
332 206 513 246 suadere:
536 207 602 246 sed
616 216 745 246 tamen
757 207 920 257 tempori
935 212 1002 244 tuo
1018 206 1228 244 consulam.

105 258 260 306 Quibus
285 261 388 299 enim
408 269 458 308 te,
480 269 633 313 propter
656 261 812 313 aliquod
835 260 1002 299 officium
1023 260 1230 298 necessitu-

104 312 217 362 dinis,
238 315 448 353 affuturum
469 316 633 366 negaris,
647 323 775 353 tamen
790 315 817 351 ii
836 323 994 366 possunt
1013 315 1080 352 abs
1095 322 1130 352 te
1145 314 1230 365 pla-

106 367 180 405 cati
199 369 375 420 aequique
393 369 582 407 discedere
598 385 607 407 z
639 370 780 420 quibus
807 376 936 406 autem
956 368 1092 406 idcirco
1111 368 1228 419 nega-

106 420 171 468 ris,
199 423 302 472 quod
330 430 367 461 te
393 423 624 474 impeditum
650 437 728 461 esse
756 422 896 460 dixeris
925 430 991 460 aut
1017 422 1228 460 amicorum

105 476 279 525 negotiis,
314 485 381 515 aut
410 477 646 528 gravioribus
671 477 793 515 causis
821 485 909 514 ante
938 476 1132 527 susceptis,
1167 476 1228 513 in-

105 527 210 566 imici
237 530 458 569 discedunt:
490 544 698 583 omnesque
720 531 792 569 hoc
814 531 943 567 animo
969 538 1072 577 sunt,
1094 538 1137 567 ut
1157 529 1228 568 sibi

106 590 144 620 te
162 585 316 622 mentiri
335 586 486 631 malint,
508 598 626 637 quam
645 598 794 636 negare.
825 584 870 622 C.
893 585 1022 630 Cotta,
1043 584 1082 621 in
1103 584 1227 621 ambi-

105 636 207 675 tione
226 639 377 687 artifex,
398 639 521 678 dicere
540 640 696 687 solebat,
717 652 757 678 se
781 651 935 690 operam
957 651 1080 685 suam,
1102 638 1229 689 quoad

104 702 182 728 non
202 701 332 731 contra
351 693 519 731 officium
542 701 750 744 rogaretur,
777 692 947 744 polliceri
966 692 1083 730 solere
1102 692 1228 730 omni-

104 745 192 792 bus,
213 746 408 798 impertire
426 747 485 793 iis,
513 748 617 799 apud
643 760 738 799 quos
757 747 900 798 optime
919 746 1010 798 poni
1029 746 1232 784 arbitrare-

105 806 192 837 tur:
223 800 308 839 ideo
328 815 367 839 se
386 801 532 839 nemini
551 814 702 852 negare,
723 801 826 853 quod
848 814 946 852 saepe
965 799 1162 845 accideret,
1183 806 1228 838 ut

104 852 151 899 is,
172 854 234 892 cui
252 855 445 906 pollicitus
473 863 582 901 esset,
610 868 686 893 non
713 862 910 900 uteretur;
941 867 1053 906 saepe,
1081 863 1125 892 ut
1149 854 1230 905 ipse

103 907 228 959 magis
246 918 342 948 esset
360 923 516 958 vacuus,
533 922 651 962 quam
669 910 840 962 putasset
856 923 868 954 ;
898 921 1023 960 neque
1038 921 1146 960 posse
1161 908 1231 946 do-

102 972 214 1000 mum
229 964 311 1012 ejus
326 964 521 1015 compleri,
536 964 603 1016 qui
619 963 886 1002 tantummodo
897 963 1092 1014 reciperet,
1106 975 1229 1014 quan-

104 1022 190 1054 tum
210 1017 353 1056 videret
367 1031 406 1057 se
425 1018 529 1057 obire
547 1031 681 1069 posse:
713 1031 803 1056 casu
823 1017 919 1064 fieri,
940 1026 984 1054 ut
1003 1024 1166 1068 agantur
1186 1029 1229 1055 ea

102 1082 191 1120 quae
222 1083 300 1109 non
328 1071 502 1123 putarim
532 1072 613 1119 illa,
634 1085 721 1124 quae
751 1071 952 1110 credideris
981 1071 1020 1109 in
1048 1070 1228 1109 manibus

104 1136 198 1173 esse,
225 1133 270 1164 ut
297 1126 428 1178 aliqua
453 1126 501 1165 de
527 1127 642 1165 causa
670 1139 748 1164 non
773 1133 961 1177 agantur:
994 1124 1130 1163 deinde
1149 1137 1228 1163 esse

103 1185 336 1228 extremum,
356 1189 401 1219 ut
431 1181 614 1219 irascatur
641 1181 686 1229 is,
718 1181 781 1219 cui
805 1179 1049 1218 mendacium
1076 1178 1231 1217 dixeris.

103 1230 168 1280 ld,
188 1233 220 1271 si
239 1235 454 1285 promittas,
476 1243 513 1274 et
537 1235 725 1273 incertum
752 1242 821 1282 est,
850 1241 887 1272 et
909 1234 951 1271 in
974 1233 1090 1281 diem,
1122 1241 1159 1271 et
1185 1233 1226 1271 in

101 1287 370 1337 paucioribus:
402 1289 460 1327 sin
479 1297 609 1328 autem
627 1289 667 1327 id
686 1302 824 1340 neges;
850 1295 887 1327 et
902 1295 1000 1327 certe
1019 1287 1224 1336 abalienes,

100 1347 138 1377 et
157 1342 302 1389 statim,
320 1350 356 1381 et
371 1344 501 1394 plures
518 1358 528 1381 ι
559 1343 688 1396 plures
703 1343 805 1381 enim
817 1342 942 1381 multo
958 1350 1060 1388 sunt,
1081 1341 1150 1393 qui
1167 1355 1229 1380 ro-

98 1402 207 1444 gant,
228 1404 272 1434 ut
291 1397 349 1435 uti
366 1397 478 1436 liceat
503 1398 618 1450 opera
640 1396 808 1443 alterius,
829 1410 948 1449 quam
968 1396 1036 1448 qui
1054 1403 1228 1434 utantur.

99 1447 248 1499 Quare,
268 1451 388 1490 satius
407 1459 475 1499 est,
492 1465 540 1490 ex
555 1452 600 1490 iis
619 1451 767 1504 aliquos
781 1450 987 1503 aliquando
1002 1450 1073 1489 tibi
1091 1450 1131 1488 in
1146 1450 1228 1488 foro

98 1501 222 1552 irasci,
243 1519 362 1556 quam
381 1518 514 1544 omnes
541 1506 721 1545 continuo
743 1505 877 1552 domi3
907 1504 1117 1556 praesertim
1137 1517 1226 1543 cum

98 1557 224 1596 multo
243 1560 366 1611 magis
384 1560 594 1599 irascantur
613 1560 661 1608 ei,
682 1561 751 1612 qui
768 1567 894 1611 neget,
908 1571 1026 1610 quam
1040 1559 1086 1604 ei,
1108 1572 1229 1609 quem

99 1610 254 1650 videant
268 1614 375 1663 justa
393 1615 508 1653 causa
521 1614 750 1667 impeditum
768 1629 780 1661 ς
810 1622 855 1652 ut
870 1614 1003 1662 facere,
1018 1612 1122 1665 quod
1136 1626 1225 1664 pro-

97 1665 219 1715 misit,
248 1667 392 1719 cupiat,
423 1668 455 1707 si
486 1669 568 1707 ullo
596 1668 712 1708 modo
741 1668 872 1722 possit.
912 1668 990 1712 Ac,
1020 1680 1069 1705 ne
1098 1666 1229 1706 videar

98 1720 290 1760 aberrasse
308 1735 331 1760 a
348 1721 613 1761 distributione
631 1724 741 1771 mea,
758 1722 827 1775 qui
844 1722 926 1760 haec
950 1721 991 1759 in
1010 1721 1081 1760 hac
1100 1734 1226 1773 popu-

97 1772 168 1811 lari
187 1783 295 1827 parte
309 1776 501 1828 petitionis
515 1777 708 1829 disputem
724 1791 737 1824 ς
766 1777 838 1816 hoc
854 1789 1015 1828 sequ0r;
1043 1775 1126 1814 haec
1140 1788 1225 1813 om-

98 1828 165 1866 nia
182 1841 259 1867 non
279 1837 360 1869 tam
379 1831 429 1870 ad
457 1831 668 1870 amicorum
694 1831 833 1879 studia,
855 1843 974 1883 quam
994 1830 1043 1868 ad
1061 1830 1226 1881 popula-

99 1894 182 1920 rem
202 1883 362 1932 famam,
378 1885 578 1937 pertinere.
607 1885 695 1924 Etsi
713 1886 816 1925 enim
831 1886 930 1923 inest
947 1884 1094 1935 aliquid
1109 1882 1223 1932 [duc-

98 1938 205 1988 tum]
223 1951 272 1976 ex
290 1938 357 1977 illo
375 1952 528 1991 genere,
543 1939 708 1991 benigne
725 1939 964 1991 respondere,
979 1937 1145 1976 studiose
1164 1937 1227 1975 in-

96 1991 236 2030 servire
263 1993 426 2044 negotiis
449 2006 493 2032 ac
525 1994 703 2045 periculis
726 1994 964 2038 amicorum;
993 2000 1122 2030 tamen
1152 1990 1226 2031 hoc

97 2042 181 2083 loco
201 2058 245 2084 ea
270 2046 368 2094 dico,
396 2047 539 2099 quibus
557 2048 848 2086 multitudinem
874 2059 1007 2098 capere
1025 2045 1158 2098 possi&
1179 2052 1224 2084 ut

97 2097 145 2136 de
163 2106 273 2139 nocte
291 2100 430 2140 domus
449 2102 714 2154 compleatur3
744 2110 789 2141 ut
813 2102 930 2140 multi
959 2113 1026 2152 spe
1050 2099 1109 2138 tui
1127 2113 1227 2152 prae-

96 2151 182 2191 sidii
202 2162 418 2205 teneantur,
438 2162 483 2194 ut
510 2156 707 2197 amiciores
733 2158 802 2197 abs
819 2162 857 2195 te
876 2154 1086 2203 discedant,
1106 2166 1226 2207 quam

151 2209 323 2259 (Epist.)
353 2220 459 2249 vor„
482 2221 555 2255 111·
861 2210 892 2247 2
914 2220 951 2248 M
