1498 2401
248 124 332 161 AD
361 124 413 172 Q.
445 124 746 163 FRATREM.
778 123 878 162 [ΛΒ.
901 123 984 162 111.
1009 124 1042 160 l.
1128 123 1207 166 327

87 236 211 280 tuam,
244 245 363 283 quam
400 233 517 284 paulo
556 239 644 272 ante
680 240 888 284 acceperat,
919 231 1209 284 ,Aristophaneo

88 282 218 334 modo,
250 287 359 325 valde
395 286 650 339 (mehercule)
695 295 732 326 et
761 300 920 326 suavem
952 294 990 324 et
1026 298 1209 338 gravem;

88 337 167 390 qua
184 352 272 378 sum
297 341 509 379 admodum
527 342 747 380 delectatus.
777 341 898 379 Dedit
916 341 1033 379 etiam
1052 337 1212 378 alteram

87 392 197 432 illam
216 394 327 443 mihi,
348 396 428 447 qu&⁴
448 396 562 445 jubes
581 409 671 434 eum
695 395 794 433 mihi
818 409 898 433 esse
916 394 1092 443 affixum,
1113 400 1214 432 tam-

90 460 211 499 quam
236 449 434 501 magistro.
461 450 594 497 Quam
619 450 733 488 illum
759 449 927 500 epistolae
948 449 1026 486 illae
1047 448 1215 487 delecta-

91 508 182 540 runt
200 502 210 540 !
233 517 352 555 quam
365 517 428 543 me
446 504 455 542 !
479 504 593 542 Nihil
607 517 727 556 puero
745 504 812 542 illo
825 504 994 552 suavius,
1010 503 1107 541 nihil
1127 515 1214 541 nos-

91 555 140 593 tri
166 558 370 597 amantius.
401 559 500 597 Haec
524 559 624 598 inter
650 571 797 597 coenam
823 558 962 596 Tironi
989 556 1142 605 dictavi,
1163 569 1215 608 ¹ne

91 610 228 649 mirere
246 611 321 650 alia
338 625 459 651 manu
478 626 570 652 esse.

144 666 296 704 Annali
323 667 443 706 literae
461 674 539 706 tuae
563 674 749 720 pergratae
766 667 938 714 fuerunt,
966 665 1071 718 quod
1090 672 1127 704 et
1150 678 1215 703 cu-

92 731 194 758 rares
212 720 260 759 de
279 734 319 760 se
344 722 560 773 diligenter,
588 730 625 761 et
648 730 778 761 tamen
804 721 959 760 consilio
978 720 1217 758 severissimo

87 774 256 822 juvares.
288 776 335 813 P.
369 776 552 815 Servilius
581 784 703 828 pater,
737 789 786 815 ex
814 775 934 814 literis
966 787 1062 826 quas
1094 774 1166 812 sibi
1196 788 1219 811 a

94 827 247 868 Caesare
275 831 413 869 missas
439 844 518 869 esse
541 831 703 879 dicebat,
732 829 921 882 significat
945 829 1057 867 valde
1082 836 1120 866 te
1145 828 1216 866 sibi

93 890 250 932 gratum
281 884 428 933 fecisse,
452 885 557 937 quod
581 885 629 923 de
655 885 725 924 sua
752 886 950 923 voluntate
977 897 1068 934 erga
1091 883 1218 921 Caesa-

93 948 174 974 rem
193 938 471 978 humanissime
486 939 851 991 diligentissimeque
868 939 1020 977 locutus
1039 950 1148 976 esses.

151 991 255 1031 Cum
286 994 457 1031 Romam
487 1007 535 1032 ex
566 994 751 1045 Arpinati
789 993 1040 1039 revertissem,
1074 991 1218 1030 dictum

95 1045 193 1083 mihi
217 1053 286 1096 est,
309 1047 607 1100 Hippodamum
632 1048 681 1086 ad
707 1057 743 1086 te
767 1047 982 1099 profectum
1008 1059 1098 1084 esse.
1129 1046 1221 1083 Non

95 1113 253 1151 possum
271 1102 447 1151 scribere,
467 1116 531 1141 me
548 1103 732 1141 miratum
754 1115 847 1149 esse,
868 1102 981 1139 illum
1006 1108 1087 1138 tam
1106 1099 1222 1137 inhu-

96 1155 262 1194 maniter
280 1156 422 1202 fecisse,
443 1164 487 1195 ut
512 1157 593 1195 sine
618 1157 715 1195 meis
739 1156 857 1195 literis
876 1155 925 1194 ad
950 1163 987 1194 te
1011 1154 1222 1206 proficisce-

97 1216 230 1248 retur:
271 1211 371 1249 illud
407 1212 544 1259 scribo,
581 1211 681 1251 mihi
718 1212 924 1249 molestum
959 1209 1089 1248 fuisse.
1126 1209 1218 1246 Jam

96 1262 200 1300 enim
220 1264 288 1302 diu
308 1265 576 1317 cogitaveram,
597 1279 645 1304 ex
665 1279 708 1304 eo
732 1265 836 1317 quod
855 1272 897 1303 tu
917 1264 965 1302 ad
983 1277 1047 1302 me
1066 1263 1223 1314 scripse-

97 1330 173 1364 ras,
194 1326 253 1367 ut,
283 1319 314 1357 si
334 1320 428 1371 quid
448 1328 543 1359 esset
569 1319 674 1371 quod
691 1320 741 1358 ad
760 1327 797 1358 te
817 1318 1037 1370 diligentius
1065 1318 1222 1369 perferri

98 1372 251 1420 vellem,
282 1374 340 1411 illi
371 1374 531 1413 darem:
560 1374 668 1426 quod
698 1374 948 1421 (mehercule)
979 1373 1081 1410 hisce
1105 1371 1223 1410 literis

99 1439 196 1477 quas
214 1428 331 1479 vulgo
350 1429 399 1466 ad
419 1436 455 1467 te
474 1430 600 1475 mitto,
622 1428 717 1466 nihil
743 1428 822 1467 fere
841 1428 977 1475 scribo,
998 1426 1103 1479 quod
1122 1425 1153 1464 si
1181 1426 1221 1463 in

97 1480 262 1531 alicujus
281 1495 421 1521 manus
439 1483 627 1530 inciderit,
651 1483 810 1521 moleste
829 1481 1030 1520 ferendum
1049 1481 1110 1518 sit.
1140 1480 1221 1518 Mi-

98 1535 213 1574 nucio
227 1549 304 1585 me,
321 1545 359 1575 et
378 1538 521 1587 Salvio,
542 1544 579 1576 et
598 1537 786 1586 Labeoni,
806 1538 1059 1575 reservabam.
1090 1535 1222 1573 Labeo

97 1596 169 1627 aut
187 1591 294 1629 tarde
317 1591 590 1643 proficiscetur,
617 1598 685 1630 aut
712 1591 778 1630 hie
804 1590 989 1629 manebit.
1018 1589 1224 1641 Hippoda-

102 1656 191 1683 mus
217 1657 266 1683 ne
293 1659 397 1684 nunc
419 1647 592 1698 quidem,
612 1646 708 1698 quid
735 1645 866 1693 velim,
886 1645 1047 1696 rogavit.
1081 1644 1131 1682 T.
1154 1644 1221 1682 Pi-

101 1699 233 1737 narius
271 1700 455 1739 amabiles
495 1701 545 1739 ad
576 1713 640 1739 me
676 1700 724 1738 de
751 1707 790 1739 te
826 1700 954 1738 literas
994 1698 1141 1737 mittit:
1184 1712 1223 1736 se

102 1753 274 1792 maxime
291 1754 424 1804 literis,
445 1755 697 1800 sermonibus,
724 1754 838 1793 coenis
857 1754 1036 1805 denique,
1063 1754 1140 1791 tuis
1159 1752 1225 1790 de-

102 1808 246 1845 lectari.
276 1806 317 1847 Is
346 1809 464 1847 homo
497 1822 646 1861 semper
676 1822 740 1847 me
772 1809 1000 1854 delectavit3
1034 1807 1227 1858 fraterque

103 1862 186 1910 ejus
204 1875 358 1902 mecum
378 1870 434 1902 est
451 1864 621 1902 multum
639 1878 649 1902 ε
680 1876 812 1915 quare,
832 1870 878 1901 ut
894 1861 1105 1911 instituisti,
1122 1873 1225 1899 com-

100 1916 265 1967 plectere
283 1917 572 1956 adolescentem.

109 2000 113 2002 -
159 1971 260 2010 VII.
293 1971 411 2020 Quod
443 1973 587 2011 multos
617 1972 699 2011 dies
732 1971 933 2024 epistolam
969 1970 1011 2008 in
1047 1969 1227 2008 manibus

102 2025 238 2074 habui,
268 2033 424 2078 propter
448 2027 784 2066 commorationem
816 2025 1116 2072 tabellariorum,
1143 2023 1229 2062 ideo

104 2081 232 2118 multa
250 2081 420 2130 conjecta
445 2088 549 2131 sunt,
572 2081 679 2119 aliud
708 2081 784 2119 alio
808 2090 993 2131 tempore,
1017 2079 1124 2117 velut
1140 2077 1225 2116 hoc.

106 2134 159 2172 T.
179 2134 344 2173 Anicius
362 2135 460 2173 mihi
485 2149 585 2188 saepe
600 2136 682 2186 jam
701 2135 814 2183 dixit,
835 2147 917 2172 sese
934 2133 1019 2182 tibi,
1039 2133 1227 2171 suburba-

93 2201 205 2226 num
222 2188 374 2241 siquod
387 2189 605 2238 invenisset,
622 2202 699 2228 non
714 2189 981 2228 dubitaturum
997 2200 1076 2226 esse
1092 2198 1232 2225 emere.

109 2241 157 2280 In
184 2244 266 2293 ejus
296 2256 468 2283 sermone
495 2257 564 2295 ego
594 2251 804 2296 utrumque
827 2243 927 2282 soleo
952 2241 1162 2287 admirari3
1193 2247 1228 2278 et
