1498 2401
211 117 292 156 362
447 115 532 155 AD
560 97 1114 154 BRUTUM.E1³1s·r.15..

210 226 330 264 vabar
361 237 453 274 uno,
487 224 592 276 quod
620 223 671 263 ad
698 231 752 272 te,
773 231 976 275 tamquam
1001 223 1052 262 ad
1075 223 1239 263 alterum
1256 237 1348 273 me,

210 279 465 331 proficiscens,
485 287 524 318 et
547 278 671 318 officio
700 278 948 329 fungebatur,
975 284 1014 316 et
1034 277 1191 317 laudem
1210 278 1352 319 maxi-
1390 289 1393 291 ’

210 346 318 372 mam
338 335 580 386 sequebatur.
610 332 687 373 Sed
703 332 786 372 haec
802 332 1001 371 hactenus.

267 389 396 427 Venio
421 401 540 437 nune,
569 388 685 439 longo
707 400 797 425 sane
818 387 1033 435 intervallo,
1053 386 1104 426 ad
1124 387 1339 440 quamdam

211 443 425 494 epistolam,
440 457 533 494 qua,
546 419 659 480 mihi3
662 442 788 480 multa
801 441 988 488 tribuens,
1000 454 1126 480 unum
1136 442 1344 494 reprehen-

211 497 342 545 debas,
364 498 482 549 quod,
495 496 756 535 inhonoribus
770 495 1029 544 decernendis,
1042 509 1164 536 essem
1176 496 1342 546 nimius,

210 559 248 590 et
265 559 468 603 tamquam
486 551 680 603 prodigus.
712 551 779 588 Tu
797 549 896 588 hoc:
928 550 1026 589 alius
1040 550 1213 599 fortasse,
1233 551 1340 603 quod

210 606 252 643 in
284 605 612 644 animadversione
649 617 838 657 poenaque
876 604 1034 650 durior;
1074 604 1149 644 nisi
1179 605 1340 644 fortasse

210 667 420 712 utrumque
438 668 494 698 tu.
534 659 654 720 Quod.
678 659 711 697 si
735 658 789 696 ita
814 664 883 703 est,
904 658 1107 711 utriusque
1131 659 1188 698 rei
1204 672 1340 699 meum

206 714 399 764 judicium
427 714 498 753 tibi
520 714 633 765 cupio
652 726 731 752 esse
748 712 1018 752 notissimum·
1049 725 1175 774 neque
1194 714 1337 764 solum,

208 776 254 806 ut
283 769 433 808 Solonis
465 768 614 807 dictum
647 779 845 818 usurpem,
876 766 946 818 qui
969 774 1008 805 et
1038 767 1341 819 sapientissimus

210 822 285 861 fuit
321 836 370 861 ex
402 831 563 874 septem,
602 828 640 860 et
675 822 809 872 legum
846 820 1004 871 scriptor
1041 821 1146 861 solus
1177 835 1227 861 ex
1253 835 1344 876 sep.

210 885 302 916 tem.
334 876 374 915 Is
399 876 680 940 rempublicam
705 875 857 914 duabus
879 876 994 913 rebus
1015 875 1202 915 contineri
1222 876 1340 927 dixit,

209 931 370 983 praemio
391 942 427 969 et
453 931 580 983 poena.
609 930 685 969 Est
713 929 854 968 scilicet
878 929 1080 982 utriusque
1104 930 1159 969 rei
1182 930 1338 981 modus,

211 987 308 1024 sicut
326 986 578 1038 reliquarum,
599 992 637 1023 et
655 983 864 1036 quaedam'
853 995 894 1021 1n
920 990 1085 1036 utroque
1101 997 1239 1036 genere
1256 998 1340 1026 me-

210 1040 412 1079 diocritas:
444 1040 511 1078 sed
536 1051 614 1078 non
644 1038 753 1077 tanta
782 1038 829 1076 de
857 1050 898 1076 re
922 1039 1163 1090 propositum
1181 1047 1240 1078 ωε
1265 1039 1343 1080 hoc

209 1095 294 1134 loco
312 1094 520 1146 disputare.
550 1093 661 1142 Quid
675 1106 746 1144 ego
757 1100 888 1131 autem
899 1100 1051 1131 secutus
1063 1093 1137 1133 hoc
1148 1093 1251 1133 bello
1264 1094 1340 1134 sim

209 1149 251 1187 in
271 1149 465 1188 sententiis
484 1148 668 1195 dicendis,
688 1147 834 1199 aperire
851 1159 929 1185 non
944 1147 1116 1186 alienum
1133 1155 1242 1199 puto.

265 1204 360 1242 Post
388 1203 587 1242 interitum
621 1202 796 1247 Caesaris,
831 1211 869 1240 et
898 1209 1039 1240 vestras
1070 1203 1340 1244 memorabiles

215 1256 310 1297 Idus
330 1258 508 1304 Martias,
529 1258 669 1307 Brute,
696 1255 792 1308 quid
816 1268 887 1307 ego
912 1256 1213 1307 praetermissum
1231 1271 1256 1297 a
1271 1271 1341 1298 vo-

209 1313 284 1359 bis,
305 1320 568 1365 quantamque
586 1310 808 1362 impendere
821 1310 1042 1361 reipublicae
1055 1318 1341 1364 tempestatem,

210 1367 391 1414 dixerim,
411 1379 489 1405 non
515 1379 554 1404 es
580 1366 733 1404 oblitus.
771 1364 923 1415 Magna
939 1365 1056 1416 pestis
1074 1373 1156 1404 erat
1177 1365 1341 1419 depulsa

210 1435 279 1473 per
293 1435 373 1469 vos,
389 1434 532 1472 magna
550 1420 685 1472 populi
700 1419 871 1458 Romani
884 1419 1038 1458 macula
1050 1418 1202 1467 deleta3
1235 1421 1341 1462 vobis

211 1489 301 1515 vero
326 1483 436 1528 parta
460 1475 591 1513 divina
620 1473 766 1525 gloria.
805 1472 872 1512 sed
898 1472 1201 1514 instrumentum
1229 1476 1340 1527 regni

210 1530 382 1568 delatum
409 1529 459 1568 ad
491 1528 687 1580 Lepidum
713 1535 751 1566 et
768 1526 1018 1574 Antonium3
1049 1541 1216 1580 quorum
1243 1530 1341 1570 alter

208 1585 497 1645 inconstantior,
517 1583 624 1622 alter
637 1581 837 1634 impurior,
867 1589 1029 1634 uberque
1052 1595 1188 1634 pacem
1211 1593 1342 1624 metu.

209 1651 289 1684 ens,
316 1638 496 1676 inimicus
521 1638 610 1675 otio.
639 1637 714 1675 His
733 1635 953 1674 ardentibus
971 1637 1242 1688 perturbanda
1267 1639 1342 1678 rei-

209 1693 374 1744 publicae
403 1692 624 1743 cupiditate,
655 1691 759 1743 quod
784 1690 927 1742 opponi
954 1698 1081 1742 posset
1097 1692 1338 1744 praesidium,

210 1760 288 1785 non
309 1747 561 1786 habebamus.
588 1745 776 1784 Erexerat
803 1745 907 1783 enim
937 1758 976 1784 se
1005 1745 1151 1795 civitas,
1177 1746 1218 1785 in
1247 1748 1339 1788 reti..

210 1800 335 1840 nenda
360 1801 535 1840 libertate
560 1799 808 1839 consentiens.
849 1799 933 1837 Nos
957 1806 1043 1838 tum
1068 1800 1184 1840 nimis
1207 1814 1336 1842 acres.

211 1869 277 1894 vos
295 1856 452 1895 fortasse
478 1854 686 1906 sapientius
705 1853 915 1892 excessistis
940 1855 1036 1892 urbe
1060 1868 1120 1903 ea,
1146 1869 1266 1908 quam
1289 1856 1338 1895 li..

212 1910 421 1955 berarafis,
455 1908 590 1956 Italiae,
615 1923 686 1948 sua
709 1908 817 1947 iobis
841 1907 967 1946 studia
994 1909 1337 1960 profitenti,m11i.

212 1965 323 2003 sistis.
362 1965 515 2016 Itaque,
543 1976 630 2002 cum
651 1963 771 2001 teneri
796 1962 946 2001 Urbem
971 1976 994 2000 a
1018 1963 1215 2015 parricidis
1231 1965 1338 2005 vide·

210 2032 307 2067 rem,
333 2031 403 2057 nec
425 2025 462 2056 te
481 2018 520 2056 in
541 2031 587 2056 ea
604 2030 674 2056 nec
695 2016 874 2056 Cassium
892 2024 977 2055 tuto
991 2030 1070 2056 esse
1087 2031 1213 2069 posse,
1233 2031 1338 2058 eam-

211 2086 288 2125 que
305 2072 423 2111 armis
440 2085 658 2124 oppressam
679 2073 728 2110 ab
746 2071 944 2116 Antoni03
974 2071 1072 2109 mihi
1089 2085 1245 2126 quoque
1260 2074 1338 2126 ipsi

212 2140 292 2165 esse
307 2126 569 2166 excedendum
588 2126 734 2178 putavi.
765 2126 931 2164 Ten-um
954 2125 1058 2164 enim
1077 2139 1122 2178 sp

208 2193 388 2247 oppressa
405 2180 484 2221 ab
473 2180 603 2233 xmpiis
621 2180 767 2229 civitas,
787 2179 1003 2231 opitulandi
1028 2188 1213 2233 potestate
1238 2195 1338 2235 prae·

205 2235 296 2275 cisa.
