1513 2370
175 88 254 126 112
364 87 448 125 AD
467 86 753 127 ATTICUM.
787 87 887 126 111ss.
908 85 1010 126 XII.
1034 86 1095 125 19.

224 195 338 242 Heri,
358 207 448 234 cum
466 208 514 234 ex
533 194 696 233 aliorum
714 195 833 234 literis
852 193 1109 246 cognovissem
1127 192 1176 231 de
1193 190 1284 230 An-

169 250 263 289 tonii
281 249 463 295 adventu,
483 249 694 288 admiratus
707 262 808 297 sum,
821 249 919 287 nihil
937 261 1015 287 esse
1033 248 1073 285 in
1093 246 1180 285 tuis.
1208 244 1285 284 Sed

170 310 278 343 erant
294 302 416 355 pridie
433 303 589 341 fortasse
602 303 762 355 scriptae,
777 315 895 355 quam
913 302 1025 340 datae.
1056 302 1196 352 Neque
1213 299 1290 337 ista

171 357 328 410 quidem
347 369 461 395 curo:
492 357 558 396 sed
575 364 702 395 tamen
717 357 850 409 opinor
867 364 1022 408 propter
1038 354 1184 407 praedes
1197 365 1290 392 suos

173 424 439 451 accucurnsse.

227 465 345 514 Quod
377 464 521 513 scribis,
552 465 774 503 Terentiam
804 464 852 503 de
875 462 1181 515 obsignatoribus
1209 460 1289 499 mei

170 519 387 559 testamenti
396 519 504 570 loqui
517 532 529 564 ;
549 519 720 570 primum
735 518 1083 570 tibipersuade,me
1095 517 1198 555 istaec
1207 527 1286 554 non

170 587 315 621 curare,
342 585 466 624 neque
496 586 574 610 esse
607 572 821 624 quidquam
850 580 918 611 aut
946 585 1074 623 parvae
1092 584 1193 610 curae
1219 576 1290 607 aut

169 640 280 666 novae
296 627 382 665 loci.
412 626 488 665 Sed
507 633 637 664 tamen
655 627 749 677 quid
769 627 892 665 simile
913 629 930 665 ?
958 626 1026 663 ssla
1045 638 1108 663 eos
1125 636 1202 662 non
1221 622 1291 661 ad-

169 681 312 729 hibuit,
343 693 440 732 quos
468 680 699 718 existimavit
734 681 973 732 quaesituros,
1009 678 1083 717 nisi
1115 679 1289 725 scissent,

171 735 267 788 quid
294 742 400 773 esset.
431 735 543 773 Num
566 734 607 772 id
632 734 746 772 etiam
771 733 868 772 mihi
892 733 1050 785 periculi
1073 732 1148 770 fuit
1164 734 1182 770 ἓ
1212 730 1289 770 Sed

171 796 303 828 tamen
320 789 434 827 faciat
450 788 531 834 illa,
556 787 660 839 quod
678 801 760 838 ego.
790 787 907 826 Dabo
924 800 1056 825 meum
1083 794 1289 825 testamen-

171 849 258 881 tum
275 842 483 893 legendum
502 842 564 880 eui
582 841 767 879 voluerit:
797 841 997 892 intelliget,
1027 852 1104 878 non
1120 839 1291 891 potuisse

170 896 480 935 honorificentius
506 908 528 933 a
552 908 616 933 me
640 895 722 933 fieri
744 895 792 933 de
809 902 960 946 nepote,
983 907 1104 946 quam
1121 892 1291 932 fecerim.

171 950 280 988 Nam
299 949 404 1001 quod
422 961 499 987 non
518 948 697 987 advocavi
715 949 765 987 ad
782 948 1089 1000 obsignandum;
1117 947 1290 1000 primum

171 1003 269 1041 mihi
286 1016 364 1041 non
383 1003 486 1041 venit
508 1002 549 1039 in
566 1009 736 1040 mentem
752 1017 765 1049 3
795 1002 932 1041 deinde
949 1002 994 1040 e⁶a
1019 1015 1060 1040 re
1075 1014 1153 1040 non
1171 1000 1288 1049 venit,

173 1058 265 1108 quia
288 1057 385 1094 nihil
408 1055 574 1094 attinuit.
603 1056 708 1095 Tute
733 1057 817 1103 seis,
845 1056 896 1108 (si
923 1055 1038 1094 modo
1061 1052 1293 1104 meministi)

173 1123 238 1149 me
257 1110 327 1149 tibi
352 1118 437 1148 tum
457 1110 613 1158 dixisse,
639 1118 684 1149 ut
703 1110 750 1149 de
779 1110 856 1149 tuis
883 1110 1032 1161 aliquos
1056 1109 1260 1148 adduceres
1275 1123 1290 1147 ε

174 1165 269 1216 quid
299 1165 401 1202 enim
432 1176 530 1216 opus
559 1171 638 1202 erat
664 1165 797 1203 multis
811 1166 829 1203 Ρ
859 1164 1037 1215 equidem
1067 1162 1294 1202 domesticos

168 1219 370 1267 jusseram.
401 1218 509 1256 Tum
523 1217 595 1256 tibi
612 1217 769 1269 placuit,
786 1225 831 1256 ut
843 1218 1035 1256 mitterem
1050 1217 1100 1255 ad
1117 1216 1257 1256 Silium
1276 1231 1291 1255 τ

172 1272 261 1311 inde
280 1280 336 1311 est
353 1279 504 1320 natum,
524 1279 569 1309 ut
593 1272 642 1310 ad
661 1272 876 1310 Publilium
893 1286 903 1309 ε
934 1271 1001 1309 sed
1025 1283 1175 1310 necesse
1192 1283 1289 1309 neu-

173 1334 277 1365 trum
294 1326 380 1367 fuit.
411 1326 499 1365 Hoc
518 1333 562 1364 tu
579 1325 770 1374 tractabis,
790 1332 834 1364 ut
851 1325 922 1364 tibi
939 1324 1100 1363 videtur.

388 1436 502 1483 (19.)
537 1433 748 1475 CICERO
777 1432 994 1473 ATTICO
1022 1434 1062 1472 S.

223 1542 298 1580 Est
328 1543 391 1582 hic
418 1543 575 1595 quidem
604 1543 710 1582 locus
732 1554 918 1589 amoenus,
939 1549 977 1580 et
1003 1540 1045 1579 in
1070 1540 1170 1579 mari
1186 1540 1287 1592 ipso,

173 1596 242 1648 qui
261 1603 297 1634 et
316 1597 438 1636 Antio
467 1605 505 1636 et
523 1597 675 1636 Circaeis
693 1597 838 1648 adspici
862 1595 1007 1647 possit:
1038 1594 1103 1633 sed
1120 1594 1291 1633 ineunda

171 1650 281 1688 nobis
298 1650 394 1689 ratio
415 1658 483 1700 est,
515 1651 857 1703 quemadmodum,
883 1649 924 1687 in
948 1648 1055 1687 omni
1078 1648 1294 1687 mutatione

171 1704 430 1754 dominorum,
458 1705 526 1757 qui
550 1705 846 1743 innumerabiles
863 1703 945 1741 fieri
961 1709 1121 1754 possunt
1137 1702 1179 1740 in
1202 1702 1291 1740 infi,

172 1758 255 1796 nita
273 1759 504 1808 posteritate,
532 1758 580 1802 (si
605 1758 721 1797 modo
746 1758 828 1796 haec
851 1759 1023 1804 stabunt)
1041 1756 1154 1804 illud,
1174 1756 1285 1808 quasi

172 1820 446 1857 consecratum,
479 1825 674 1851 remanere
697 1813 826 1864 possit,
858 1810 1054 1862 Equidem
1078 1811 1162 1860 jam
1190 1810 1289 1848 nihi}

172 1877 263 1917 egeo
280 1865 556 1916 vectigalibu53
586 1874 625 1904 et
649 1879 766 1917 parvo
791 1872 988 1904 contentus
1015 1876 1094 1902 esse
1117 1876 1289 1915 possum.

172 1919 310 1970 Cogito
322 1919 516 1958 interdum
529 1929 634 1958 trans
647 1920 822 1959 Tiberim
835 1919 962 1957 hortos
974 1917 1121 1969 aliquos
1138 1930 1288 1969 parare,

172 1980 210 2012 et
242 1972 399 2024 quidem
431 1976 479 2012 ob
508 1974 607 2013 hanc
638 1987 791 2013 causam
820 1972 1017 2011 maxime:
1057 1971 1154 2009 nihil
1182 1970 1287 2010 enim

171 2027 294 2074 video,
315 2027 419 2078 quod
442 2035 522 2066 tam
548 2028 692 2067 celebre
716 2040 795 2066 esse
812 2025 960 2079 possit:
987 2025 1066 2073 sed,
1092 2037 1202 2076 quos,
1224 2037 1288 2063 co-

168 2093 252 2119 ram
271 2080 485 2120 videbimus
501 2096 513 2126 ς
544 2082 597 2120 ita
614 2089 758 2128 tamen,
774 2088 819 2119 ut
831 2081 903 2119 hac
917 2087 1044 2118 aestate
1062 2079 1197 2117 fanum
1215 2080 1286 2117 ab·

165 2135 340 2173 solutum
359 2135 418 2173 sit.
452 2136 516 2174 Tu
537 2144 663 2174 tamen
684 2148 771 2174 cum
793 2133 939 2187 Apella
957 2133 1055 2172 Chio
1080 2132 1221 2171 confice
1235 2131 1287 2171 de

166 2189 368 2227 columnis.
