1467 2401
242 83 295 123 94
443 84 524 123 An
548 83 832 126 ATTICUM.
859 85 962 125 ιω.
981 85 1061 126 XI.
1088 86 1159 124 2³.

464 192 583 246 (22.)
613 193 825 234 CICERO
853 193 1076 234 ATTICO
1104 194 1148 234 s.

298 299 517 351 Diligenter
533 303 631 341 mihi
648 303 874 342 fasciculum
893 302 1057 342 reddidit
1073 301 1190 341 Balbi
1208 299 1370 340 tabella·

244 354 337 392 rius.
365 356 512 407 Accepi
531 357 634 395 enim
659 371 682 396 a
699 365 736 396 te
753 358 897 407 literas,
917 357 1058 409 quibus
1076 356 1214 396 videris
1231 354 1367 403 vereri,

248 416 294 446 ut
330 409 508 460 epistolas
537 411 622 449 illas
655 411 877 462 acceperim,
915 425 1011 463 quas
1040 411 1199 462 quidem
1229 409 1370 447 vellem

245 461 343 500 mihi
368 476 570 515 nunquam
597 465 775 504 redditas.
812 466 1023 504 Auxerunt
1045 465 1149 503 enim
1175 462 1273 502 mihi
1299 461 1370 500 dm

245 516 364 554 lorem
383 531 394 555 z
436 531 519 565 nec,
552 519 584 556 si
612 519 653 556 in
685 520 854 572 aliquem
885 519 1119 568 incidissent,
1153 518 1370 570 quidquam

245 570 336 608 novi
355 572 580 610 attulissent.
602 573 710 621 Quid
729 575 831 612 enim
850 580 931 612 tam
950 574 1234 625 pervulgatum,
1250 582 1370 622 quam

245 623 352 662 illius
370 625 411 663 in
430 639 493 664 me
508 627 655 675 odium,
673 636 710 666 et
724 641 843 678 genus
855 628 927 666 hoc
940 628 1138 666 literarum
1155 629 1173 665 Ρ
1203 624 1307 678 quod
1321 636 1372 662 ne

247 677 375 716 Caesar
411 680 569 730 quidem
596 681 644 719 ad
676 682 765 720 istos
795 681 945 720 videtur
971 681 1132 729 misisse,
1161 679 1271 732 quasi
1292 690 1372 730 quo

245 731 351 770 illius
374 733 618 784 improbitate
645 736 911 784 offenderetur,
939 735 1016 780 sed,
1051 734 1196 787 (credo)
1216 733 1274 771 uti
1301 744 1372 770 no-

246 785 342 824 tiora
360 798 488 825 nostra
501 789 604 826 mala
619 797 753 828 essent.
783 790 904 836 Nam,
919 789 1023 840 quod
1037 796 1075 827 te
1088 788 1207 827 vereri
1225 785 1371 835 scribis,

246 851 296 877 ne
313 840 372 877 illi
391 842 529 889 obsint,
552 843 662 894 eique
681 844 736 881 rei
753 843 912 888 mederi,
942 855 991 881 ne
1008 843 1133 892 rogari
1158 841 1315 893 quidem
1332 853 1373 878 se

248 906 383 945 passus
401 902 456 932 est
475 896 522 933 de
540 896 607 934 ino
625 911 635 934 :
658 897 762 948 quod
777 897 934 948 quidem
952 896 1051 934 mihi
1068 896 1275 934 molestum
1293 906 1372 932 non

246 955 326 985 est:
358 948 457 986 illud
481 949 693 1000 molestius,
713 950 806 988 istas
831 950 1117 1002 impetrationes
1144 956 1293 988 nostras
1312 947 1374 986 ni-

246 1000 305 1039 hil
322 1002 459 1040 valere.

299 1056 424 1103 Sulla,
440 1064 485 1095 ut
507 1058 654 1110 opinor,
675 1070 757 1096 cras
774 1057 840 1096 hic
859 1057 930 1096 erit
947 1069 1038 1096 cum
1057 1056 1243 1096 Messala.
1269 1056 1374 1096 Cur-

245 1116 339 1147 runt
357 1109 406 1147 ad
432 1110 546 1150 illum
574 1112 678 1164 pulsi
700 1125 724 1150 a
746 1111 964 1158 militibus;
995 1111 1064 1162 qui
1083 1124 1123 1149 se
1147 1118 1290 1163 negant
1306 1123 1376 1149 us-

245 1176 381 1215 quam,
410 1164 483 1202 nisi
513 1166 736 1218 acceperint.
771 1166 879 1217 Ergo
900 1166 966 1204 ille
990 1165 1067 1204 huc
1085 1165 1240 1211 veniet3
1268 1164 1375 1217 quod

247 1229 326 1255 non
344 1219 533 1269 putabant
548 1235 560 1266 ς
581 1220 688 1259 tarde
705 1219 863 1272 quidem
877 1234 889 1258 ε
918 1219 1055 1258 itinera
1072 1219 1176 1258 enim
1194 1219 1249 1258 ita
1265 1218 1373 1267 facit,

246 1278 292 1309 ut
310 1273 453 1310 multos
473 1273 552 1313 dies
571 1274 612 1312 in
631 1274 819 1326 oppidum
837 1281 968 1326 ponat.
997 1273 1214 1313 Pharnaces
1227 1280 1373 1322 autem,

246 1338 404 1377 quoquo
418 1328 534 1366 modo
553 1336 653 1380 aget,
674 1328 804 1366 afferet
820 1341 983 1366 moram.

301 1379 411 1427 Quid
439 1382 537 1419 mihi
564 1383 682 1434 igitur
707 1395 834 1421 censes
847 1382 866 1418 ?
890 1384 974 1432 jam
993 1381 1097 1420 enim
1127 1394 1282 1433 corpore
1305 1379 1374 1419 vix

247 1434 417 1472 sustineo
435 1436 663 1485 gravitatem
676 1436 795 1486 hujus
814 1437 909 1485 coeli,
924 1436 993 1488 qui
1011 1436 1108 1474 mihi
1125 1436 1297 1474 laborem
1316 1434 1375 1473 af-

247 1487 322 1525 fert
340 1487 381 1525 in
401 1488 542 1528 dolore.
571 1492 640 1528 An
652 1491 712 1528 his
722 1491 815 1529 illuc
834 1491 1014 1528 euntibus
1032 1489 1228 1538 mandem,
1247 1495 1293 1527 ut
1309 1501 1375 1526 me

247 1551 443 1589 excusent,
470 1543 552 1594 ipse
580 1544 756 1582 accedam
784 1543 972 1596 propius?
1002 1544 1158 1591 Quaeso,
1189 1542 1371 1589 attende;

247 1602 285 1632 et
299 1607 362 1633 me
383 1597 507 1648 (quod
527 1598 667 1647 adhuc,
689 1611 788 1649 saepe
806 1606 975 1649 rogatus,
996 1609 1073 1636 non
1092 1597 1230 1644 fecisti)
1251 1597 1375 1635 consi-

246 1648 298 1686 lio
320 1650 440 1698 juva:
472 1652 547 1690 scio
566 1665 648 1690 rem
677 1652 870 1690 difficilem
890 1665 992 1690 esse:
1023 1651 1103 1700 sed,
1124 1658 1169 1689 ut
1186 1651 1227 1688 in
1246 1650 1373 1689 malis.

248 1702 380 1740 Etiam
401 1704 500 1742 illud
518 1707 605 1744 mea
624 1707 757 1757 magni
774 1707 943 1752 interest,
965 1712 1002 1744 te
1020 1714 1066 1743 ut
1079 1705 1256 1744 videam:
1286 1718 1375 1756 pro-

247 1756 344 1794 fecto
356 1758 503 1809 aliquid
515 1760 719 1810 profecero,
738 1761 769 1798 si
782 1760 823 1798 id
835 1759 1025 1799 acciderit.
1054 1759 1118 1798 De
1131 1766 1375 1809 testamento,

248 1818 294 1848 ut
311 1811 455 1861 scribis,
470 1814 760 1853 animadvertes.

463 1973 582 2027 (23.)
613 1975 826 2016 CICERO
854 1975 1072 2015 ATTICO
1101 1976 1145 2015 S.

302 2081 422 2130 Quod
440 2082 490 2120 ad
508 2090 546 2121 te
573 2082 795 2134 scripseram
823 2090 868 2122 ut
893 2096 982 2122 cum
1007 2083 1175 2122 Camillo
1199 2094 1376 2122 commu-

245 2135 404 2185 niearoe,
425 2137 472 2174 de
487 2149 545 2183 en,
564 2136 754 2176 Camillus
772 2137 870 2175 mihi
889 2138 1050 2189 scripsit,
1069 2144 1108 2175 te
1126 2150 1254 2176 secum
1269 2137 1376 2175 locu·

245 2196 343 2228 tum.
374 2191 485 2230 Tuas
513 2191 641 2230 literas
667 2193 959 2243 exspectabam3
989 2191 1063 2230 nisi
1087 2191 1186 2230 illud
1215 2190 1374 2244 quidem
