1498 2401
321 113 405 152 AD
434 111 723 152 ATTICUM.
755 112 855 151 Lm.
885 111 981 151 XV.
1009 116 1049 152 9.
1180 114 1258 158 217

360 221 452 274 (δὴ
484 220 698 261 CICERO
728 219 956 261 ATTICO
985 222 1025 261 S.

188 330 281 370 Post
301 338 414 369 tuum
433 330 658 379 discessum,
674 330 785 369 binas
803 343 827 368 a
846 331 973 369 Balbo
989 345 1001 378 ;
1031 331 1131 370 nihil
1144 334 1234 372 novi
1251 349 1262 372 :

129 387 307 438 itemque
326 386 374 424 ab
395 385 528 424 Hirtio
543 398 556 430 3
587 384 656 437 qui
674 397 713 423 se
731 384 864 423 scribit
882 385 1127 425 vehementer
1145 387 1266 426 offen-

131 453 221 479 sum
261 452 339 478 esse
376 439 575 478 veteranis.
616 439 829 491 Exspectat
865 439 1035 485 animus,
1077 441 1266 492 quidnam

131 501 250 546 agant
275 493 323 532 de
351 492 512 533 Calend.
537 493 707 532 Martiis.
737 493 834 531 Misi
859 493 978 544 igitur
1003 494 1203 546 Tironem,
1229 506 1266 537 et

133 562 224 587 cum
242 548 386 587 Tirone
404 548 548 600 plures,
579 548 721 600 quibus
741 547 917 599 singuh's,
942 556 987 586 ut
1012 548 1185 601 quidque
1203 565 1267 590 ac-

129 603 298 650 cidisset,
319 602 428 642 dares
446 602 601 642 literas:
634 609 752 655 atque
777 601 893 639 etiam
920 602 1051 655 scripsi
1070 603 1119 642 ad
1140 604 1268 643 Anto-

132 657 244 696 nium
275 657 324 696 de
356 657 576 708 legatione,
564 671 575 680 ·
606 669 669 705 ne,
708 657 740 695 si
770 655 821 694 ad
853 656 1102 696 Dolabellam
1139 659 1268 699 solum

129 711 381 764 scripsissem,
408 711 618 750 iracundus
647 711 766 750 homo
799 719 1116 750 commoveretur.
1147 712 1268 776 Quod

134 773 267 805 autem
286 766 414 805 aditus
432 765 482 804 ad
506 778 597 804 eum
623 765 812 804 difficilior
842 778 922 804 esse
949 765 1103 815 dicitur,
1135 768 1267 821 scripsi

134 820 187 860 ad
205 820 479 872 Eutrapelum,
499 828 546 858 ut
571 819 604 858 is
623 820 657 858 ei
676 833 782 858 meas
805 819 935 858 literas
954 820 1142 869 redderet,
1161 822 1268 874 lega-

135 875 241 914 tione
255 875 354 913 mihi
371 888 468 927 opus
488 887 581 913 esse.
611 873 823 914 Honestior
839 881 894 913 est
908 874 1061 914 votiva:
1095 875 1161 914 sed
1177 877 1267 916 licet

136 930 196 968 uti
214 930 391 982 utraque.

191 984 257 1023 De
289 991 328 1023 te
360 987 524 1045 (quaeso)
559 983 674 1022 etiam
705 991 821 1036 atque
853 981 968 1022 etiam
1007 984 1105 1023 vide.
1135 985 1269 1025 Velim

135 1038 258 1092 possis
277 1051 429 1077 coram:
462 1038 493 1076 si
511 1038 642 1077 minus
655 1039 789 1090 possis,
804 1037 923 1076 literis
938 1038 1043 1076 idem
1062 1052 1271 1092 conseque-

137 1106 241 1133 mur.
283 1092 478 1132 Graeceius
515 1092 565 1131 ad
596 1105 660 1131 me
697 1091 859 1144 scripsit,
901 1092 947 1131 C.
988 1092 1166 1132 Cassium
1197 1095 1270 1134 sibi

136 1147 344 1200 scripsisse,
364 1146 540 1186 homines
569 1146 797 1198 comparari,
818 1146 886 1198 qui
904 1147 1042 1186 armati
1059 1147 1099 1186 in
1118 1147 1273 1188 Tuscu-

137 1203 275 1241 lanum
292 1202 548 1241 mitterentur.
579 1201 629 1240 Id
648 1201 807 1253 quidem
825 1201 924 1239 mihi
942 1214 1020 1241 non
1039 1202 1269 1241 videbatur·
1256 1218 1270 1250 ς

139 1257 208 1296 sed
226 1256 440 1296 cavendum
461 1264 606 1304 tamen,
627 1256 806 1307 villaeque
825 1256 956 1306 plures
980 1256 1165 1296 videndae.
1195 1258 1271 1297 Sed

139 1311 291 1364 aliquid
309 1311 498 1350 crastinus
510 1311 590 1349 dies
603 1310 653 1349 ad
667 1310 916 1361 cogitandum
935 1311 1045 1350 nobis
1060 1311 1108 1350 de
1127 1311 1173 1351 ea
1190 1326 1243 1351 re.

378 1475 468 1529 (9.)
500 1472 717 1517 CICERO
747 1473 964 1516 ATTICO
993 1474 1035 1514 5.

197 1584 333 1625 Tertio
350 1585 488 1625 Nonas
506 1585 654 1639 vesperi
668 1599 691 1624 a
705 1586 833 1625 Balbo
851 1584 1009 1624 redditae
1022 1584 1121 1624 mihi
1138 1585 1274 1637 literae,

141 1641 224 1680 fore
243 1640 370 1679 Nonis
389 1648 581 1690 senatum,
608 1648 654 1679 ut
682 1641 834 1680 Brutus
854 1639 895 1678 in
923 1639 1035 1687 Asia,
1058 1639 1217 1681 Cassius
1234 1642 1276 1682 in

145 1695 292 1744 Sicilia,
309 1695 554 1735 frumentum
580 1695 803 1757 emendum,
825 1702 863 1734 et
880 1694 930 1733 ad
948 1694 1100 1733 Urbem
1119 1697 1278 1736 mitten-

142 1749 258 1798 dum,
274 1757 462 1790 curarent.
491 1749 532 1789 Ο
547 1763 630 1789 rem
648 1749 859 1789 miseram!
883 1749 1071 1811 primum,
1084 1750 1208 1790 ullam
1227 1754 1277 1792 ab

143 1803 243 1853 istis,
263 1804 368 1854 dein,
388 1805 422 1844 si
439 1804 626 1866 aliquam,
645 1804 746 1843 hanc
764 1803 990 1866 legatoriam
1008 1805 1275 1856 provinciam!

145 1865 264 1911 atque
289 1859 397 1898 haud
425 1859 516 1907 scio,
545 1872 596 1898 an
620 1859 760 1898 melius
789 1859 853 1907 sit,
874 1872 994 1912 quam
1014 1859 1063 1897 ad
1086 1859 1281 1900 Eurotam

142 1913 289 1953 sedere.
310 1914 387 1953 Sed
401 1913 484 1953 haec
497 1927 606 1953 casus
620 1913 864 1966 gubernabit.
893 1913 964 1952 Ait
978 1920 1124 1962 autem,
1144 1915 1282 1954 eodem

146 1974 322 2030 tempore
340 1968 569 2007 decretum
558 1968 620 2018 111,
633 1976 677 2007 ut
697 1969 743 2007 iis
759 1975 797 2007 et
811 1968 969 2020 reliquis
986 1969 1173 2020 praetoriis
1191 1983 1282 2022 pro-

102 2022 106 2028 ’
149 2021 287 2061 vinciae
318 2022 583 2062 decernantur.
623 2023 714 2062 Hoc
743 2030 842 2062 certe
878 2022 1033 2073 melius,
1063 2036 1183 2075 quam
1212 2024 1281 2063 illa

147 2076 302 2116 Persice
333 2078 529 2129 porticus.
565 2076 676 2128 [nolo
706 2077 810 2117 enim
843 2077 1166 2118 Lacedaemonem
1194 2079 1281 2117 lon-

147 2130 337 2184 ginquam
374 2131 602 2171 Lanuvium
649 2132 897 2185 existimari}
939 2132 1074 2182 Rides,
1113 2132 1279 2184 inquies,

145 2184 190 2223 in
219 2186 363 2226 talibus
400 2185 544 2226 rebus?
583 2186 694 2236 Quid
721 2186 860 2227 faciam
879 2189 898 2227 ?
940 2186 1128 2240 plorando
1159 2187 1281 2227 fessus

146 2252 250 2279 sum.

205 2293 377 2343 (Epist.)
398 2306 504 2335 vor„
527 2307 600 2335 111.
976 2308 1005 2334 U
