1498 2401
370 53 451 93 AD
479 52 747 93 BRUTUM.
778 53 937 93 Emsr.
971 55 1033 100 17.
1184 55 1266 99 373

139 161 219 200 sit?
246 160 376 214 Atqui
389 175 433 201 eo
451 162 588 209 tendit,
608 162 648 200 id
670 163 763 214 agit,
784 163 833 201 ad
850 176 939 202 eum
959 163 1107 202 exitum
1126 175 1266 215 prope-

138 224 198 254 rat
215 216 274 254 vir
291 217 475 268 optimus,
495 224 540 254 ut
559 218 607 255 sit
627 218 684 255 illi
702 217 890 256 Octavius
909 217 1110 269 propitius.

191 270 280 322 Ego
304 284 393 309 vero
409 272 492 321 jam
510 271 557 309 iis
575 272 722 309 artibus
748 272 846 309 nihil
866 272 1007 319 tribuo,
1028 272 1170 324 quibus
1189 272 1266 311 scio

137 324 360 364 Ciceronem
379 325 717 363 instructissimum
733 339 823 364 esse.
853 325 964 373 Quid
978 327 1082 365 enim
1101 326 1158 364 illi
1177 340 1266 379 pro-

137 386 241 426 sunt,
262 393 350 431 quae
368 393 438 431 pro
451 379 626 418 libertate
645 380 793 431 patriae,
815 380 863 418 de
883 381 1082 442 dignitate,
1111 394 1198 432 quae
1218 382 1266 420 de

134 440 273 481 morte,
313 434 460 481 exsilio,
506 442 746 486 paupertate⁷
786 434 935 486 scripsit
972 435 1264 486 copiosissime?

136 488 297 550 Quanto
316 495 446 526 autem
465 488 588 550 inagis
615 488 683 526 illa
709 488 844 527 callere
864 489 1015 527 videtur
1042 490 1263 541 Philippus,

136 542 205 594 qui
233 542 410 594 privigno
438 542 570 580 minus
601 543 792 589 tribuerit,
824 555 942 594 quam
977 543 1109 582 Cicero
1139 545 1265 584 alieno

134 596 279 635 tribuat
297 597 306 635 !
351 597 515 635 Desinat
544 597 664 647 igitur
700 597 899 648 gloriando
936 597 1052 635 etiarn
1088 598 1264 638 insectari

134 650 282 690 dolores
304 660 464 690 nostros.
494 650 604 698 Quid
623 650 727 690 enim
750 651 893 700 nostra,
914 652 1059 689 victum
1079 666 1158 691 esse
1177 654 1263 691 An-

133 705 299 753 tonium,
321 706 353 744 si
372 706 494 744 victus
517 712 586 751 est,
606 713 652 744 ut
670 704 736 743 alii
763 714 925 752 vacaret,
948 706 1053 758 quod
1078 707 1144 745 ille
1163 709 1263 746 obti-

132 760 250 798 nuit?
279 759 432 799 tametsi
456 768 535 798 tuae
558 760 678 799 literae
704 759 823 799 dubia
846 760 962 798 etiam
981 773 1084 799 nunc
1115 762 1261 813 signifi-

131 822 230 854 cant.

186 868 305 908 Vivat
327 868 513 918 (hercule)
536 867 685 917 Cicero,
706 869 775 922 qui
792 876 930 921 potest,
951 870 1115 922 supplex
1135 878 1171 909 et
1191 872 1260 910 ob-

130 923 284 971 noxius,
317 924 350 962 si
368 937 493 976 neque
512 924 646 972 aetatis,
676 937 801 975 neque
820 924 1026 973 honorum,
1057 937 1182 976 neque
1200 939 1259 964 re-

129 991 218 1016 rum
237 986 448 1030 gestarum,
475 978 607 1030 pudet.
636 978 725 1030 Ego
748 987 860 1028 certe,
881 979 976 1031 quin
1007 992 1096 1017 cum
1115 980 1199 1030 ipsa
1218 994 1259 1019 re

126 1032 277 1071 bellum
302 1046 448 1084 geram,
473 1033 545 1071 hoc
565 1041 634 1078 est,
666 1046 755 1072 cum
778 1046 910 1085 regno,
939 1041 975 1072 et
1001 1033 1171 1085 imperiis
1191 1048 1259 1073 ex-

129 1087 402 1135 traordinariis,
423 1096 460 1127 et
490 1087 765 1135 dominatione,
787 1096 824 1126 et
843 1088 1014 1139 potentia
1035 1102 1123 1139 quae
1142 1102 1258 1140 supra

128 1141 232 1193 leges
251 1155 290 1181 se
308 1155 387 1181 esse
406 1142 512 1191 velit,
542 1143 652 1180 nulla
671 1143 742 1180 erit
762 1151 841 1181 tam
860 1144 961 1181 bona
980 1142 1146 1181 conditio
1179 1157 1257 1181 ser-

128 1196 271 1243 viendi,
301 1210 380 1248 qua
410 1197 615 1245 deterrear,
650 1197 828 1248 quamvis
861 1197 909 1235 sit
946 1197 1003 1235 vir
1035 1198 1160 1236 bonus
1194 1199 1257 1250 (ut

129 1249 277 1300 scribis)
310 1251 530 1290 Antonius:
562 1251 667 1303 quod
697 1264 768 1303 ego
791 1263 994 1303 nunquam
1025 1252 1255 1291 existimavi.

127 1305 204 1344 Sed
222 1305 440 1354 dominum,
467 1318 516 1345 ne
534 1313 732 1358 parentem
758 1305 931 1358 quidem,
952 1307 1116 1357 majores
1135 1307 1257 1346 nostri

125 1360 330 1398 voluerunt
348 1374 439 1399 esse.

180 1414 242 1453 Te
265 1414 340 1453 nisi
366 1421 520 1453 tantum
546 1428 731 1463 amarem,
753 1422 945 1467 quantum
973 1414 1148 1454 Ciceroni
1166 1429 1254 1467 per-

124 1481 282 1508 suasum
302 1478 358 1508 est
375 1469 486 1522 diligi
504 1483 542 1508 se
554 1471 603 1508 ab
624 1469 801 1517 Octavio,
817 1470 899 1508 haec
914 1469 962 1508 ad
981 1477 1018 1508 te
1038 1482 1115 1508 non
1136 1470 1254 1522 scrip-

123 1523 268 1562 sissem.
316 1523 435 1563 Dolet
467 1524 579 1572 mihi,
623 1524 728 1576 quod
765 1532 808 1563 tu
845 1537 949 1563 nunc
987 1524 1249 1572 stomacharis,

123 1578 410 1617 amantissimus
429 1586 516 1617 tum
545 1586 703 1617 tuorum
722 1579 914 1625 omnium,
935 1587 1021 1618 tum
1042 1578 1251 1618 Ciceronis.

122 1632 199 1672 Sed
227 1632 413 1684 persuade
441 1633 527 1681 tibi,
551 1633 599 1672 de
628 1633 826 1672 voluntate
852 1633 1008 1685 propria
1036 1634 1124 1672 mea
1153 1633 1253 1672 nihil

121 1699 200 1725 esse
218 1688 438 1736 remissum,
459 1687 506 1726 de
528 1687 672 1738 judicio
691 1688 859 1739 largiter.
892 1689 1033 1740 Neque
1052 1689 1156 1726 enim
1176 1688 1250 1727 im-

121 1741 262 1803 petrari
276 1749 414 1793 potest,
430 1742 540 1803 quin,
562 1743 677 1794 quale
691 1743 864 1795 quidque
877 1742 1052 1782 videatur
1066 1743 1115 1790 ei,
1131 1744 1250 1782 talem

121 1796 284 1848 quisque
302 1796 350 1835 de
369 1796 436 1834 1110
455 1796 676 1858 opinionem
693 1797 845 1836 habeat.

175 1850 345 1898 Vellem,
376 1850 476 1889 mihi
498 1851 722 1913 scripsisses
750 1865 839 1904 quae
865 1852 1100 1891 conditiones
1129 1859 1253 1891 essent

120 1904 264 1943 Atticae
283 1912 446 1944 nostrae·
477 1906 688 1957 potuissem
706 1906 855 1958 aliquid
876 1907 947 1945 tibi
965 1907 1012 1945 de
1031 1920 1117 1945 meo
1138 1919 1253 1945 sensu

118 1959 360 2011 perscribere.
395 1959 672 1999 Valetudinem
686 1960 832 2000 Porciae
844 1974 942 2000 meae
961 1961 1032 2000 tibi
1051 1974 1153 1999 curae
1172 1973 1253 1999 esse

119 2025 196 2051 non
229 2014 358 2052 miror.
389 2014 585 2066 Denique,
618 2015 724 2067 quod
748 2016 862 2067 petis,
888 2016 1028 2054 faciam
1056 2015 1220 2053 libenter
1237 2030 1249 2053 ι

117 2079 211 2105 nam
230 2068 345 2106 etiam
365 2081 509 2107 sorores
526 2081 591 2108 me
609 2077 771 2121 rogant:
803 2078 840 2110 et
864 2070 1064 2109 hominem
1083 2072 1191 2115 noro,
1213 2076 1252 2109 et

118 2121 214 2174 quid
233 2121 305 2160 sibi
323 2121 499 2162 voluerit.
538 2123 650 2163 Vale.

175 2177 344 2227 (Epist.)
366 2188 473 2217 voL.
496 2189 572 2216 111.
901 2180 926 2217 2
949 2190 978 2217 it
