1498 2401
180 119 262 158 344
424 115 509 156 AD
536 114 803 156 BRUTUM.
831 115 992 167 Er1sr.
1015 118 1054 155 2.

180 225 293 264 nium
325 224 396 264 tibi
423 225 543 264 videri
571 225 713 278 potius,
747 236 867 277 quam
897 224 1111 277 epistolam.
1151 223 1304 264 Auctus

181 279 349 318 Antonii
376 279 560 319 beneficio
583 287 665 319 est:
705 280 788 329 ejus
816 279 936 330 ipsius
963 278 1138 318 beneficii
1164 291 1306 331 magna

182 347 272 385 pars
285 347 308 372 a
322 341 360 372 te
373 341 428 372 est
442 348 452 371 :
483 334 613 386 itaque
627 346 731 382 eum,
747 333 860 372 salvis
874 333 998 382 nobis,
1015 333 1130 371 vellet
1144 332 1307 371 salvum.

183 388 235 426 In
254 401 344 426 eum
364 397 494 426 autem
515 389 646 426 locum
668 401 751 426 rem
778 387 987 426 adductam
1008 387 1203 438 intelligit,
1236 390 1310 430 (est

184 441 303 490 enim,
324 449 369 480 ut
392 442 476 490 scis,
495 442 657 480 minime
684 442 841 489 stultus)
868 448 914 479 ut
938 440 1094 493 utrique
1119 440 1214 480 salvi
1232 454 1312 480 esse

184 508 264 534 non
282 495 448 548 possint:
482 496 613 548 itaque
634 509 704 535 nos
725 495 887 534 mavult.
917 495 980 534 De
998 502 1037 533 te
1055 508 1143 534 vero
1162 494 1312 534 amicis-

186 550 284 588 sime
317 557 354 588 et
382 550 554 602 loquitur
574 558 610 589 et
629 551 758 589 sentit.
796 549 943 597 Quare,
972 548 1004 587 si
1025 549 1113 601 quis
1137 561 1243 588 secus
1267 549 1318 588 ad

184 611 223 642 te
241 604 290 643 de
309 617 353 643 eo
371 605 533 656 scripsit,
560 612 627 643 aut
652 605 685 643 si
717 616 845 643 coram
869 603 1020 641 locutus
1040 610 1108 651 est,
1131 610 1220 655 peto
1237 616 1260 642 a
1277 611 1316 642 te

185 658 303 697 etiam
335 666 452 711 atque
484 659 614 707 etiam,
645 659 744 697 mihi
776 665 820 695 ut
851 657 979 708 potius
1005 657 1148 706 credas,
1174 657 1243 709 qui
1275 665 1312 696 et

185 711 335 751 facilius
354 712 526 762 judicare
552 726 712 764 possum
731 724 851 764 quam
869 711 935 749 ille
953 711 1078 749 nescio
1097 710 1197 762 quis,
1218 718 1256 750 et
1273 718 1315 750 te

185 767 275 817 plus
293 766 424 818 diligo.
455 767 637 805 Clodium
657 767 728 805 tibi
746 765 1023 804 amicissimum
1042 765 1234 815 existima,
1260 764 1314 804 ci-

185 833 352 872 vemque
377 822 508 868 talem,
536 821 662 872 qualis
681 829 719 860 et
743 819 1080 872 prudentissimus,
1106 826 1144 859 et
1161 819 1315 859 fortuna

190 874 354 926 optima,
375 888 454 914 esse
474 875 598 914 debet.

440 1037 530 1091 (2.)
561 1037 774 1078 CICERO
802 1035 1004 1077 BRUTO
1032 1036 1073 1076 S.

247 1145 573 1199 (Argumentum.
585 1173 640 1180 -
652 1146 874 1199 Respondet
893 1144 1063 1198 epistolae
1080 1144 1129 1183 de
1153 1144 1317 1185 cohorti-

191 1202 265 1239 bus
294 1200 467 1252 quinque
499 1215 522 1239 a
541 1201 749 1240 Dolabella
779 1202 821 1240 in
850 1199 1135 1240 Cherronesum
1162 1198 1315 1246 missis;

193 1256 355 1307 ejusque
372 1254 606 1294 dementiam
624 1256 815 1303 miratur;
845 1263 883 1294 et
908 1254 1024 1293 Bruti
1046 1253 1248 1293 consilium
1273 1254 1321 1293 de

195 1322 240 1347 eo
258 1309 522 1361 persequendo
546 1310 692 1349 laudat.
734 1310 785 1348 In
809 1309 1003 1349 seditionis
1026 1308 1243 1347 auctoribus
1261 1308 1321 1346 di-

193 1362 391 1402 mittendis
420 1364 664 1403 clementiam
688 1364 806 1403 Bruti
826 1362 1083 1416 reprehendit,
1103 1370 1142 1401 et
1165 1375 1253 1401 suas
1279 1363 1321 1401 in

194 1416 415 1456 Antonium
433 1417 640 1458 invectivas
659 1417 863 1468 defendit.)

251 1525 402 1578 Scripta
421 1533 459 1565 et
476 1526 676 1578 obsignata
690 1527 775 1577 jam
792 1525 966 1579 epistola,
985 1525 1105 1565 literae
1122 1523 1222 1563 mihi
1239 1524 1324 1564 red-

195 1579 288 1617 ‹litae
305 1587 396 1619 sunt
420 1593 444 1619 a
468 1587 520 1629 te,
544 1582 670 1633 plenae
691 1594 821 1620 rerum
849 1593 1052 1628 novarum,
1077 1579 1325 1631 maximeque

196 1634 448 1673 mirabilium.
478 1634 726 1674 Dolabellam
745 1636 917 1688 quinque
935 1635 1105 1674 cohortes
1123 1633 1270 1672 misisse
1283 1633 1326 1672 in

198 1688 484 1727 Cherronesum
500 1691 518 1728 ἶ)
547 1689 711 1728 Adeone
728 1690 846 1742 copiis
863 1689 1049 1738 abundat,
1070 1696 1115 1727 ut
1130 1687 1177 1737 is,
1190 1687 1259 1740 qui
1277 1700 1327 1727 ex

196 1740 297 1781 Asia
314 1742 446 1794 fugere
471 1743 682 1793 dicebatur,
711 1744 912 1797 Europam
937 1751 1115 1796 appetere
1135 1749 1292 1781 conetur
1306 1744 1325 1782 ?

198 1796 388 1848 Quinque
419 1805 551 1836 autem
587 1798 805 1838 cohortibus
841 1798 1029 1851 quidnam
1057 1810 1098 1835 se
1133 1795 1326 1835 facturum

196 1850 404 1890 arbitratus
423 1860 494 1900 est,
514 1865 605 1891 cum
623 1860 668 1891 tu
688 1866 732 1892 eo
751 1853 922 1905 quinque
939 1852 1121 1904 legioneS,
1134 1850 1326 1902 optimum

199 1904 433 1957 equitatum,
457 1906 632 1945 maxima
650 1908 809 1957 auxilia,
833 1907 1019 1946 haberes?
1053 1918 1149 1958 quas
1170 1904 1330 1956 quidem

199 1958 372 1999 cohortes
391 1973 499 2011 spero
521 1962 606 2011 jam
625 1968 711 2000 tuas
729 1975 822 2009 esse,
842 1961 1027 2014 quoniam
1044 1960 1142 1999 latro
1160 1958 1228 1997 ille
1244 1965 1326 1997 tam

198 2012 276 2052 fuit
304 2013 474 2054 demens.
520 2015 658 2053 Tuum
687 2016 890 2055 consilium
919 2015 1164 2055 vehementer
1192 2012 1326 2061 laudo,

198 2067 306 2119 quod
323 2080 403 2107 non
427 2069 534 2121 prius
551 2069 762 2108 exercitum
781 2068 989 2122 Apollonia
1005 2066 1327 2121 Dyrrhachioque

199 2121 368 2170 movisti,
388 2136 508 2175 quam
526 2123 575 2163 de
593 2124 755 2162 Antonii
775 2123 869 2176 fuga
893 2123 1051 2173 audisti,
1076 2121 1193 2161 Bruti
1211 2134 1326 2173 erup-

198 2175 318 2225 tione,
338 2177 474 2229 populi
493 2178 664 2217 Romani
682 2178 852 2218 victoria.
882 2179 1033 2231 Itaque,
1054 2175 1160 2229 quod
1177 2175 1324 2222 scribis,

191 2238 330 2280 -postea
348 2232 521 2272 statuisse
541 2240 577 2272 te
596 2233 732 2272 ducere
751 2233 960 2274 exercitum
971 2232 1011 2271 in
1025 2231 1322 2274 Cherronesum,
