1498 2401
213 88 293 125 ‘298
391 88 472 126 AD
499 88 552 137 Q.
574 88 873 128 FRATREM.
902 88 1002 127 Lm.
1024 88 1083 127 11.
1112 89 1152 126 2.
1324 104 1353 133 a

209 207 309 232 mus.
338 194 470 234 Habes
487 204 571 235 acta
587 197 702 235 unius
718 197 794 236 diei
810 211 820 235 ε
851 197 1010 248 reliqua,
1031 202 1075 233 ut
1092 194 1266 241 arbitror,
1281 193 1323 232 in

210 260 378 286 mensem
393 250 422 287 J
425 251 627 288 annai-ium
645 251 874 301 rejicientur.

267 301 329 340 De
343 303 504 342 tribunis
524 304 644 355 plebis
660 305 774 356 longe
791 305 980 356 optimum
996 302 1190 342 Racilium
1207 300 1325 339 habe-

210 367 310 393 mus.
352 356 515 395 Videtur
542 359 657 396 etiam
674 359 868 397 Antistius
899 358 1043 396 amicus
1075 355 1184 395 nobis
1214 354 1319 392 fore:

211 419 301 445 nam
324 410 503 449 Plancius
522 419 624 449 totus
642 420 768 450 noster
786 419 853 450 est.
884 412 975 458 Fac,
1001 411 1032 449 si
1050 423 1113 448 me
1131 421 1251 455 amas,
1279 415 1324 445 ut

211 463 441 552 ‹ibonsiderate
459 465 734 517 diligenterque
761 466 918 517 naviges
941 465 990 504 de
1010 476 1143 503 mense
1160 462 1325 500 Decem-

246 528 289 553 n.

395 677 480 728 (2.)
511 678 747 719 MARCUS
775 678 828 727 Q.
857 678 1078 718 FRATRI
1106 678 1147 717 S.

269 785 596 835 (Argumentum.
607 811 662 820 --
675 786 897 838 Respondet
914 786 962 824 de
987 784 1145 824 Lentuli
1163 790 1200 823 et
1221 782 1328 822 Sexti

215 839 433 878 nominibus
451 839 659 890 exigendis,
676 848 714 879 et
726 839 1000 892 Pomponianis
1015 838 1105 877 inde
1121 837 1329 876 dissolven-

216 892 289 938 dis,
315 893 475 944 aliisque
501 896 615 932 rebus
635 894 873 933 domaefiaeis:
903 901 954 942 et,
979 892 1028 930 de
1050 905 1139 943 rege
1156 891 1329 930 Alexan·-

215 945 326 984 drino
354 947 582 995 reducendo,
605 947 700 999 quid
723 947 917 986 decretum
947 954 985 986 et
1011 953 1139 985 actum
1167 945 1244 990 sit;
1275 949 1327 990 et,

217 999 332 1049 quale
350 1007 473 1039 totum
491 1002 688 1053 negotium
710 1001 771 1050 sit,
791 1001 954 1040 breviter
970 1000 1274 1048 commemorat.)

268 1104 361 1144 Non
386 1108 644 1160 occupatione,
670 1107 750 1160 qua
774 1121 877 1147 eram
899 1120 990 1147 sane
1017 1106 1237 1159 impeditus,
1263 1104 1330 1144 sed

212 1160 374 1210 parvula
391 1162 634 1213 lippitudine,
647 1161 836 1201 adductus
853 1174 955 1210 sum,
969 1167 1014 1200 ut
1030 1160 1212 1199 dictarem
1229 1158 1330 1197 hanc

214 1212 427 1264 epistolam,
468 1222 506 1253 et
532 1228 608 1254 non
635 1218 697 1259 (ut
720 1215 771 1253 ad
797 1224 833 1254 te
861 1216 980 1263 soleo)
1005 1215 1086 1266 ipse
1115 1212 1329 1252 scriberem.

215 1265 269 1304 Et
287 1267 457 1318 primum
475 1281 538 1307 me
556 1269 626 1307 tibi
648 1282 785 1308 excuso
807 1269 847 1307 in
873 1282 918 1308 eo
941 1269 1039 1320 ipso,
1058 1268 1100 1305 in
1118 1278 1196 1319 quo
1213 1273 1251 1305 te
1267 1278 1331 1304 ac-

213 1332 316 1358 cuso.
347 1321 419 1360 Me
448 1322 550 1360 enim
575 1320 701 1361 adhuc
723 1334 837 1361 nemo
860 1322 1020 1373 rogavit,
1046 1333 1142 1359 num
1170 1319 1265 1371 quid
1288 1319 1330 1357 in

213 1373 428 1413 Sardiniam
448 1376 585 1414 vellem
599 1390 611 1413 ε
640 1383 678 1414 te
702 1384 797 1427 puto
821 1389 919 1427 saepe
943 1376 1095 1423 habere,
1121 1373 1204 1426 qui,
1231 1385 1328 1411 num

215 1427 309 1478 quid
327 1428 497 1467 Romam
516 1430 622 1478 velis,
644 1437 829 1481 quaerant-

266 1479 385 1528 Quod
402 1482 450 1520 ad
468 1495 532 1521 me
549 1483 597 1521 de
615 1483 772 1521 Lentuli
789 1490 827 1521 et
837 1482 944 1522 Sexti
961 1481 1116 1521 nomine
1134 1479 1327 1531 scripsisti,

210 1533 359 1573 locutus
378 1548 464 1573 sum
483 1549 571 1574 cum
588 1536 732 1574 Cincio.
762 1535 930 1588 Quoquo
943 1535 1059 1574 modo
1071 1547 1130 1573 res
1141 1546 1182 1572 se
1196 1533 1327 1580 habet,

211 1598 287 1624 non
307 1596 362 1626 est
374 1589 589 1636 facillima3
619 1590 685 1628 sed
709 1590 825 1629 habet
848 1590 1016 1642 profecto
1034 1587 1219 1640 quiddam
1238 1587 1328 1625 Sar-

210 1639 315 1679 dinia
333 1637 550 1694 apffbsitum
569 1643 618 1681 ad
639 1643 935 1682 recordationem
956 1641 1157 1694 praeteritae
1177 1652 1329 1678 memo·

210 1694 289 1732 riae.
318 1695 439 1743 Nam,
460 1704 505 1734 ut
527 1696 592 1735 ille
618 1697 813 1735 Gracchus
843 1709 980 1748 augur,
1008 1703 1258 1747 pomeaquam
1283 1693 1326 1731 in

209 1746 322 1786 istam
340 1750 574 1800 provinciam
592 1750 710 1798 venit,
732 1750 948 1789 recordatus
973 1756 1043 1797 aet,
1064 1748 1159 1800 quid
1177 1747 1264 1795 sibi,
1284 1747 1326 1785 in

212 1800 361 1853 Campo
381 1802 527 1841 Martio
545 1804 698 1842 comitia
711 1804 913 1843 consulum
931 1803 1100 1849 habenti,
1116 1808 1247 1841 contra
1260 1814 1330 1839 au-

213 1854 570 1905 spiciaaccidisset;
599 1857 652 1896 sic
674 1865 717 1895 tu
742 1857 839 1895 mihi
864 1856 1001 1895 videris
1023 1854 1260 1895 inSardinia
1282 1854 1330 1892 de

211 1907 334 1946 forma
352 1909 595 1957 Minuciana,
619 1919 656 1949 et
674 1910 722 1948 de
739 1910 960 1949 nominibus
979 1907 1269 1961 Pomponianis,
1287 1907 1329 1946 in

210 1962 288 2000 otio
307 1963 542 2013 recogitasse.
571 1963 647 2002 Sed
659 1977 729 2015 ego
748 1964 873 2003 adhuc
891 1963 968 2002 emi
986 1963 1098 2001 nihil.
1130 1960 1331 2001 Culleonis

212 2015 338 2053 unctio
355 2015 455 2054 facta
469 2024 537 2055 est.
567 2017 789 2056 Tusculano
800 2024 922 2056 emtor
933 2029 1048 2055 nemo
1064 2016 1152 2054 fuit.
1182 2014 1225 2053 Si
1241 2025 1332 2053 con-

212 2067 309 2107 ditio
325 2069 435 2108 valde
452 2072 554 2109 bona
570 2069 700 2118 fuerit,
719 2070 877 2110 fortasse
895 2083 972 2109 non
991 2070 1182 2109 omittam.

266 2121 330 2161 De
366 2123 613 2163 aedificatione
644 2124 713 2163 tua
739 2125 898 2177 'Cyrum
934 2136 1072 2175 urgere
1107 2134 1185 2161 non
1216 2132 1332 2160 censo.

213 2176 334 2226 Spero
352 2189 443 2216 eum
468 2177 509 2216 in
535 2177 659 2217 officio
675 2177 780 2217 forez
811 2178 876 2218 sed
894 2178 1024 2217 omnia
1046 2183 1136 2216 sunt
1154 2174 1338 2221 tardata,
