1498 2401
323 61 405 102 AD
434 61 720 101 ATTICUM.
751 62 850 100 111ss.
871 61 997 100 XIII.
1031 62 1092 99 12.
1192 61 1266 104 147

364 169 482 221 (12.)
510 169 724 209 CICERO
753 168 978 208 ATTICO
1007 170 1046 208 S.

200 277 326 317 Valde
356 290 420 316 me
450 277 740 316 momorderunt
767 277 936 329 epistolae
962 284 1039 315 tuae
1067 276 1115 315 de
1133 276 1269 315 Attica

147 332 300 370 nostra:
330 331 474 370 eaedem
501 338 632 370 tamen
660 339 901 370 sanaverunt.
945 331 1064 379 Quod
1096 331 1198 369 enim
1231 338 1269 369 te

147 386 228 438 ipse
246 386 488 424 consolabare
507 385 649 424 eisdem
673 385 805 432 literis,
825 385 865 422 id
882 384 980 423 mihi
999 393 1079 423 erat
1099 385 1186 423 satis
1203 385 1268 422 fir-

146 452 258 478 mum
276 439 326 479 ad
342 440 560 478 leniendam
589 439 867 491 aegritudinem.
894 439 1144 490 Ligarianam
1170 453 1269 490 prae-

143 494 243 532 clare
257 493 470 533 vendidisti.
500 493 664 533 Posthac
678 493 868 546 quidquid
881 493 1076 545 scripsero,
1090 493 1160 531 tibi
1173 506 1272 544 prae-

147 548 303 586 conium
321 548 503 586 deferam.

202 602 323 651 Quod
340 602 390 640 ad
407 615 470 640 me
488 602 536 640 de
554 603 729 641 Varrone
747 602 891 650 scribis,
912 601 982 640 scis
1000 614 1065 639 me
1080 607 1168 639 ante
1185 614 1269 639 ora-

148 655 283 705 tiones,
299 663 366 695 aut
385 656 533 708 aliquid
545 656 586 694 id
598 669 733 708 genus,
750 656 905 695 solitum
925 655 1098 702 scribere,
1116 662 1159 693 ut
1170 656 1273 693 Var-

149 723 283 749 ronem
297 723 490 762 nusquam
497 724 648 763 possem
659 711 839 749 intexere.
859 711 998 748 Postea
1010 716 1139 747 autem
1154 723 1273 761 quam

150 764 233 803 haec
250 764 346 817 coepi
365 771 654 816 φιλολογωτερα,
671 766 754 815 jam
768 765 894 804 Varro
906 764 1005 802 mihi
1023 763 1274 801 denuntiave-

149 826 209 857 rat
226 831 409 870 magnam
427 831 517 857 sane
536 825 573 856 et
590 832 747 870 gravem
766 827 958 870 προσφωνη
966 833 1032 855 σιν.
1061 817 1274 856 Biennium

149 873 345 924 praeteriit‚
366 885 456 912 cum
476 872 542 911 ille
570 872 828 916 Καλλιππιὸης
852 872 1003 911 assiduo
1028 885 1143 910 cursu
1168 872 1275 910 cubi-

151 935 238 965 tum
256 927 411 965 nullum
429 927 663 978 processerit.
691 926 779 977 Ego
798 934 928 965 autem
942 939 1005 964 me
1019 928 1205 978 parabam
1224 927 1274 964 ad

152 981 208 1029 id,
229 981 333 1033 quod
357 981 424 1018 ille
451 981 548 1018 mihi
574 981 751 1030 misisset,
771 987 816 1018 ut
845 996 942 1026 αυτῳ
972 996 1025 1027 τῳ
1054 995 1195 1031 μετ-ρῳ,
1218 996 1278 1017 και

154 1039 272 1081 λωὶον,
305 1035 337 1073 si
357 1035 473 1073 modo
500 1034 734 1087 potuissem:
767 1035 878 1084 (nam
904 1034 977 1072 hoc
1002 1034 1116 1072 etiam
1137 1034 1276 1072 Hesio-

151 1089 226 1128 dus
253 1089 446 1179 adscribit,
467 1099 551 1125 Αικε
583 1087 730 1138 Somou.)
762 1089 881 1126 Nunc
909 1088 1019 1126 illam
1044 1103 1125 1137 περι
1155 1094 1278 1125 Τελων

157 1145 293 1193 συνταξ
326 1156 449 1191 ‚sane
466 1142 566 1181 mihi
584 1145 798 1194 probatam,
816 1143 954 1191 Bruto,
970 1150 1014 1180 ut
1032 1141 1103 1180 tibi
1119 1142 1278 1204 placuit,

154 1160 457 1248 despondimus·
486 1196 604 1249 idque
632 1204 675 1235 tu
702 1210 793 1235 eum
818 1209 896 1234 non
924 1197 1027 1235 nolle
1044 1196 1144 1234 mihi
1163 1197 1280 1248 scrip-

155 1251 250 1290 sisti.
287 1251 393 1302 Ergo
412 1251 521 1289 illam
542 1251 786 1300 Ακαὸημικην,
810 1251 851 1288 111
870 1264 947 1302 qua
966 1250 1154 1297 homines,
1170 1251 1280 1288 nobi-

155 1306 212 1344 les
230 1305 288 1344 1111
306 1305 478 1357 quidem,
494 1304 560 1343 sed
573 1305 682 1343 nullo
695 1305 811 1343 modo
825 1304 1026 1356 philologi,
1042 1305 1158 1343 nimis
1170 1313 1280 1343 acute

156 1360 382 1412 loquuntur,
401 1359 452 1397 ad
470 1359 686 1398 Varronem
699 1359 1000 1397 transferamus:
1031 1359 1173 1397 etenim
1192 1367 1282 1397 sunt

156 1415 369 1466 Αντιοχεια,
390 1427 478 1465 quae
495 1413 567 1452 iste
593 1413 705 1452 valde
722 1415 870 1465 probat.
903 1413 1044 1452 Catulo
1063 1420 1100 1451 et
1116 1413 1284 1451 Lucullo

156 1467 251 1506 alibi
268 1480 525 1519 reponemus;
555 1467 610 1506 ita
627 1475 772 1516 tamen,
800 1467 833 1506 si
859 1475 903 1506 tu
930 1467 1003 1506 hoc
1020 1468 1185 1519 probas.
1215 1467 1282 1506 de-

159 1536 235 1575 que
253 1535 297 1560 eo
313 1521 411 1560 mihi
429 1521 626 1569 rescribas,
645 1522 775 1560 velim.

212 1576 276 1614 De
301 1576 516 1614 Brinniana
543 1575 717 1614 auctione
743 1575 870 1628 accepi
897 1589 921 1614 a
938 1575 1115 1614 Vestorio
1141 1575 1281 1615 literas.

158 1631 246 1677 Ait,
265 1630 348 1668 sine
369 1630 452 1668 ulla
473 1630 725 1669 controversia
749 1643 831 1668 rem
859 1629 908 1668 ad
925 1643 988 1668 me
1007 1643 1086 1668 esse
1104 1630 1282 1669 collatam

160 1685 316 1729 (Romae
341 1683 529 1731 videlicet,
558 1690 625 1722 aut
653 1684 693 1722 in
720 1684 956 1731 Tusculano,
988 1697 1051 1722 me
1072 1683 1153 1723 fore
1170 1693 1285 1736 puta-

161 1745 315 1787 verunt)
342 1752 377 1777 a.
397 1737 436 1776 d.
455 1737 567 1777 VIII
596 1738 681 1777 Cal.
701 1738 908 1786 Quintiles.
945 1738 1062 1777 Dices
1081 1739 1199 1790 igitur
1223 1739 1284 1777 vel

159 1793 284 1831 amico
312 1799 394 1841 tuo,
429 1793 495 1843 Sp.
526 1792 659 1831 Vettio
691 1793 877 1831 cohaeredi
908 1805 1010 1841 meo,
1031 1793 1093 1831 vel
1111 1793 1285 1831 Labeoni

162 1854 305 1895 nostro,
337 1846 501 1898 paulum
541 1847 735 1898 proferant
765 1847 981 1885 auctionem
997 1860 1010 1892 ;
1050 1859 1113 1884 me
1144 1847 1290 1885 circiter

164 1901 300 1940 Nonas
318 1900 360 1938 in
378 1901 600 1939 Tusculano
618 1901 710 1939 fore.
744 1901 848 1940 Cum
869 1902 1011 1940 Pisone
1029 1901 1188 1939 Erotem
1213 1901 1283 1939 ha-

163 1957 243 2047 gles.
261 1955 336 2048 alge
362 1955 586 2008 Scapulanis
614 1955 735 1995 hortis
763 1963 842 1995 toto
867 1962 1022 2008 pectore
1050 1955 1284 2007 cogitemus:

208 2022 245 2048 es
311 2016 378 2048 est.
