1477 2365
329 69 413 108 AD
440 70 728 109 ATTICUM.
757 72 857 110 Lm.
879 71 957 110 IX.
990 72 1050 109 12.
1179 71 1232 115 27

932 143 941 173 Ι

112 187 232 226 quam
250 175 426 227 evigilata
450 178 526 216 tuis
544 178 848 230 cogitationibus,
872 175 951 230 quiz
976 177 1133 225 itineris,
1154 177 1234 229 qua

114 229 379 280 navigationis,
404 232 483 282 qua⁴
507 235 739 283 congressus,
761 233 1021 284 sermonisque
1040 244 1128 270 cum
1149 232 1235 269 Caer

114 294 197 320 sare
215 284 224 321 Ξ
265 282 411 322 Omnia
431 293 515 323 tum
533 285 705 333 honesta,
726 294 810 324 tum
830 294 966 331 cauta3
996 286 1036 323 in
1065 285 1233 336 Epirum

116 348 204 374 vero
222 337 394 377 invitatio
414 352 532 390 quani
556 340 710 378 suavis!
743 354 861 392 quam
889 340 1054 378 liberalis
1074 340 1084 377 l
1115 351 1234 391 quam

113 388 309 429 fraterna!

164 442 228 481 De
246 445 433 497 Dionysio
452 460 540 485 sum
567 447 790 495 admiratus,
823 448 910 500 (qui
943 447 1048 499 apud
1073 460 1137 485 me
1165 447 1237 484 ho-

111 498 278 536 noratior
305 499 392 548 fuit,
426 514 544 552 quam
580 502 684 553 apud
717 502 933 553 Scipionem
972 501 1183 547 Panaetius)
1212 513 1235 538 a

112 564 191 601 quo
220 552 478 603 impurissime
505 554 587 593 haec
613 564 742 594 nostra
771 556 925 594 fortuna
955 555 1130 606 despecta
1166 562 1234 592 est.

109 603 192 642 Odi
222 606 433 656 hominem,
467 616 505 647 et
530 609 654 647 odero.
698 610 861 648 Utinam
896 609 1027 647 ulcisci
1052 608 1229 660 possem!

110 658 176 696 sed
187 659 300 698 illum
319 662 548 701 ulciscentur
561 676 684 702 mores
702 664 772 701 sui.

165 713 244 761 Tu,
266 728 408 766 quaeso,
429 729 533 755 nunc
551 718 612 755 vel
630 718 814 766 maxime,
841 717 936 768 quid
955 716 1148 768 agendum
1163 728 1234 753 no-

110 765 170 804 bis
190 767 251 816 sit,
272 769 406 820 cogita.
449 771 591 822 Populi
614 771 783 809 Romani
803 771 989 809 exercitus
1010 770 1083 810 Cn.
1114 771 1234 808 Pom-

108 820 241 871 peium
273 823 539 870 circumsidet3
578 825 678 863 foss-21
710 833 747 863 et
779 826 880 864 vallo
913 833 1065 876 septum
1098 831 1229 869 tenet;

108 875 203 925 fuga
221 876 421 926 prohibet;
451 890 520 917 nos
540 879 718 927 vivimus,
740 885 777 917 et
795 886 868 917 stat
887 881 979 916 urbs
997 878 1097 916 ista?
1127 879 1233 916 Prae-

110 934 206 967 tores
236 931 302 979 jus
333 931 466 969 dicunt
482 935 500 971 ’ἓ
541 933 667 972 aediles
695 933 806 971 ludos
831 933 996 984 parant?
1039 932 1111 971 viri
1135 932 1228 970 boni

107 995 243 1021 usuras
272 986 540 1035 perscribunt?
579 1000 648 1038 ego
679 987 762 1038 ipse
795 987 936 1025 sedeo?
977 987 1104 1025 Coner
1136 986 1232 1023 illuc

108 1035 176 1082 ire,
209 1045 254 1076 ut
282 1039 474 1079 insanus?
516 1041 721 1092 implorare
750 1041 866 1078 fidem
896 1040 1228 1091 municipiorum?

109 1089 212 1128 Boni
237 1104 314 1130 non
343 1102 574 1145 sequentum
608 1095 710 1133 leves
739 1095 977 1140 irridebunt3
1007 1107 1136 1132 rerum
1162 1105 1231 1130 no-

109 1156 245 1182 varum
265 1147 408 1197 cupidi,
437 1148 594 1187 victores
618 1149 830 1200 praesertim
855 1158 891 1186 et
913 1148 1066 1198 armati,
1086 1148 1167 1187 vim
1194 1155 1232 1186 et

108 1209 247 1236 manus
265 1200 434 1239 afferent.

163 1252 273 1299 Quid
302 1266 428 1293 censes
455 1255 607 1307 igitur?
636 1255 883 1308 Ecquidnam
914 1263 970 1294 est
996 1255 1055 1294 tui
1085 1253 1233 1294 consilii

110 1303 180 1354 [ad
209 1307 347 1360 finem]
386 1309 506 1358 hujus
538 1310 761 1349 miserrimae
798 1309 912 1348 vitae?
954 1311 1073 1348 Nunc
1105 1309 1229 1357 doleo,

108 1371 212 1398 nunc
230 1369 422 1413 torqueor,
446 1376 536 1402 cum
559 1364 792 1416 quibusdam
823 1371 890 1402 aut
918 1364 1067 1415 sapiens
1087 1363 1230 1410 videor,

112 1414 217 1465 quod
234 1416 313 1453 una
330 1428 408 1454 non
436 1417 560 1466 ierim,
582 1426 649 1456 aut
667 1418 761 1456 felix
777 1418 906 1455 fuisse.
942 1417 1050 1455 Mihi
1073 1424 1204 1455 contra
1218 1430 1230 1454 :

108 1479 311 1520 nunquam
331 1471 434 1508 enim
455 1471 559 1510 illius
579 1472 742 1510 xictoriae
769 1472 890 1510 socius
911 1484 990 1509 esse
1008 1470 1138 1516 volui;
1169 1483 1233 1508 ca-

106 1521 289 1561 lamitatis
307 1524 465 1563 mallem
483 1526 612 1564 fuisse.
642 1526 751 1573 Quid
770 1538 839 1577 ego
858 1538 962 1564 nunc
981 1534 1066 1563 tuas
1084 1525 1229 1571 literas,

106 1575 202 1626 quid
213 1584 322 1615 tuam
332 1579 577 1630 prudentiam
591 1588 659 1618 aut
674 1580 976 1618 benevolentiam
991 1579 1195 1630 implorem
1211 1581 1229 1616 ἲ

62 1647 68 1650 ·
106 1630 254 1669 Actum
286 1640 352 1670 est.
392 1632 517 1671 Nulla
545 1647 585 1672 re
605 1635 688 1683 jam
718 1647 875 1685 possum
902 1633 1043 1683 juvari,
1074 1633 1156 1684 qui,
1181 1644 1231 1670 ne

105 1684 210 1734 quod
227 1694 356 1736 optem
375 1687 547 1738 quidem,
564 1689 648 1737 jam
672 1688 810 1737 habeo,
840 1688 916 1726 nisi
944 1695 989 1725 ut
1007 1687 1139 1738 aliqua
1156 1686 1232 1724 ini-

104 1737 195 1776 mici
213 1740 469 1779 misericordia
486 1742 706 1780 liberemur.

163 1799 237 1829 Ουκ
259 1795 341 1831 εστ’
370 1810 499 1843 ετυμος
526 1803 632 1842 >xo-soc
651 1799 712 1839 (ut
730 1796 880 1848 opinor)
907 1795 973 1833 ille
998 1795 1046 1834 de
1070 1795 1231 1833 ratibus.

106 1844 215 1892 Quid
235 1847 338 1884 enim
356 1856 425 1895 est,
447 1849 550 1901 quod
570 1849 774 1888 Dolabella
791 1850 852 1888 his
879 1849 1012 1897 literis,
1034 1863 1129 1900 quas
1155 1849 1228 1887 111

106 1899 342 1942 IdusMart.
369 1916 391 1940 a
409 1903 618 1941 Brundisio
638 1903 756 1951 dedit,
783 1905 883 1942 hanc
907 1919 1091 1953 ευημεριαν
1119 1902 1229 1954 quasi

107 1951 268 1991 Caesaris
287 1956 477 2002 scriberet,
499 1957 731 2008 Pompeium
759 1958 800 1995 in
826 1958 922 2008 fuga
947 1969 1040 2004 esse,
1061 1969 1228 2007 eumque

105 2006 231 2057 primo
250 2017 364 2048 vento
381 2011 652 2062 navigaturum
670 2016 688 2050 :³
722 2011 827 2063 quod
845 2011 956 2050 valde
974 2011 1161 2062 discrepat
1180 2012 1229 2049 ab

105 2059 151 2098 iis
170 2061 350 2112 epistolis,
370 2078 535 2116 quarum
555 2066 733 2117 exempla
750 2074 863 2104 antea
880 2065 930 2103 ad
954 2073 991 2104 te
1015 2065 1115 2103 misi.
1146 2064 1229 2102 Hic

105 2114 262 2165 quidem
281 2129 387 2156 mera
400 2119 539 2157 scelera
550 2120 762 2171 loquuntur
779 2134 789 2158 ι
811 2119 877 2158 sed
893 2132 970 2157 non
984 2127 1064 2157 erat
1082 2131 1151 2156 nec
1169 2130 1230 2156 re-

106 2168 247 2207 centior
258 2179 401 2220 auctor,
415 2185 484 2211 nec
497 2173 614 2223 hujus
630 2174 683 2212 rei
695 2173 851 2225 quidem
866 2174 1001 2213 melior
1007 2171 1226 2211 Dolabella.
