1487 2432
469 250 516 289 In
535 251 606 290 hoc
625 251 817 289 volumine
837 249 1075 288 continentur

228 328 425 379 Epzstolae,

287 382 355 420 Ad
373 381 565 428 Atticum,
591 379 677 418 Lib.
703 378 887 418 lx.....„
915 408 924 416 .
933 405 1140 416 ............
1156 389 1254 427 pag.
1294 379 1347 472 δὲ

704 486 769 526 XI
777 513 1252 527 ...........................
1294 482 1346 521 69

700 540 801 579 XII.
829 568 1254 581 ........................
1292 540 1345 577 99

702 594 814 633 ἶΙΙΙ
827 621 1252 633 ........................
1272 594 1346 636 139

704 649 807 689 XIV
809 676 1253 688 .........................
1272 650 1285 684 l
1296 649 1345 686 78

704 704 795 742 XV.
825 729 1247 742 .......................
1266 704 1342 742 207

702 757 778 795 Xx
784 757 804 796 I
809 784 1248 796 .........................
1267 758 1347 796 236

301 813 369 852 Ad
389 813 586 862 Quintum
604 812 773 857 fratrem,
799 812 866 851 lib
880 810 925 901 III.
934 837 1247 850 ..................
1267 810 1346 850 265

877 917 921 956 ΙΙ
929 918 960 956 Ι.
974 945 1250 958 ................
1266 922 1347 959 320

287 975 356 1013 Ad
374 976 543 1014 Brutum
560 1001 1252 1013 .......................................
1268 977 1348 1014 343

288 1029 327 1066 A
342 1029 545 1068 Germanis
560 1036 716 1080 repertae
722 1055 1250 1066 ..............................
1266 1030 1347 1068 376

238 1082 291 1132 Q.
311 1083 457 1132 Cicero,
478 1083 525 1121 de
543 1082 735 1121 Petitione
754 1080 983 1120 Consulatfis
988 1109 1248 1121 ...............
1267 1086 1348 1123 384

780 1321 801 1341 3

751 1352 773 1371 {—
805 1352 827 1373 ἦ

243 1427 355 1476 Qus,
385 1429 427 1465 in
450 1426 584 1466 nostrai
609 1429 786 1477 editione,
806 1429 961 1467 uncinis
982 1427 1104 1478 [hunc
1122 1429 1163 1467 in
1180 1431 1349 1482 morem]

235 1509 383 1546 inclusa
409 1510 608 1559 leguntur,
630 1521 672 1546 ea
702 1510 762 1547 vel
780 1510 899 1560 plane
919 1510 1140 1548 adulterina
1159 1515 1228 1549 aut
1252 1512 1349 1548 insi-

234 1583 326 1619 ticia
345 1586 435 1620 sunt
448 1603 502 1612 —
519 1584 592 1629 vel,
610 1587 773 1634 propter
791 1585 998 1635 scripturae
1018 1586 1257 1633 varietatem,
1272 1597 1349 1635 pro

233 1663 391 1701 incertis
405 1663 633 1702 habenda—
643 1665 716 1712 vel,
731 1665 818 1703 licet
829 1663 958 1716 reipsc‘z'
961 1666 1135 1717 fortasse
1139 1677 1345 1716 germana,

231 1745 457 1784 criticorum
479 1750 604 1786 tamen
626 1746 859 1786 dissensione
876 1747 918 1785 in
934 1746 1096 1788 dubium
1115 1751 1258 1787 vocata.
