1498 2401
203 125 283 170 216
375 125 459 164 AD
487 124 540 174 Q.
570 125 874 165 FRATREM.
904 125 1006 166 1113.
1036 127 1072 166 Ι.
1103 126 1143 166 1.

199 232 367 273 civitates
396 233 576 285 pecunias
601 234 879 281 decrevissent3
908 247 1077 286 cumque
1099 234 1155 282 id,
1181 242 1220 274 et
1251 247 1324 287 pro

198 288 294 326 meis
312 288 463 339 magnis
481 288 641 336 meritis,
661 296 699 327 et
726 302 796 340 pro
814 289 892 327 tuis
917 290 1099 328 maximis
1116 290 1324 337 beneficiis,

199 343 355 381 summit
379 342 450 381 suit
477 343 673 381 voluntate
699 342 898 388 fecissent;
927 343 1236 395 nominatimque
1261 344 1326 383 lex

199 397 408 448 exciperet,
440 399 467 419 “
485 397 541 435 Ut
552 397 601 434 ad
615 397 806 448 templum
821 397 1181 449 monimentumque
1195 410 1329 449 capere

200 450 329 489 liceret
345 452 387 496 ;''
416 464 582 502 cumque
600 451 655 498 id,
675 451 780 502 quod
801 451 978 497 dabatur,
998 464 1075 489 non
1096 459 1191 490 esset
1207 451 1327 489 inter-

203 506 366 553 iturum,
387 505 511 543 sedin
537 505 769 543 ornamentis
799 505 934 556 templi
963 505 1156 552 futurum,
1175 513 1221 544 ut
1249 518 1328 544 non

204 559 303 597 mihi
320 559 463 611 potius,
484 572 604 611 quam
621 559 766 610 populo
784 560 978 605 Romano,
1000 573 1044 597 ac
1064 560 1150 598 Diis
1168 560 1329 598 immor-

205 614 361 660 talibus,
391 613 527 652 datum
567 613 784 658 videretur;
814 620 945 652 tamen
974 613 1029 660 id,
1060 614 1101 652 in
1137 627 1216 665 quo
1248 622 1330 653 erat

207 667 386 719 dignitas,
407 676 489 706 erat
512 667 591 715 lex,
613 675 693 706 erat
711 680 858 715 eorum,
880 667 948 718 qui
967 667 1171 716 faciebant,
1191 668 1330 706 volun-

209 729 282 771 tas,
309 721 576 773 accipiendum
603 734 681 759 non
708 721 873 772 putavi3
905 734 992 759 cum
1012 721 1097 760 aliis
1123 721 1172 759 de
1190 721 1327 770 causiS‚

206 784 293 814 tum
322 776 438 814 etiam
465 783 508 814 ut
535 775 665 814 animo
683 774 850 827 aequiore
876 775 1019 813 ferrent
1035 775 1077 821 ii,
1102 776 1244 827 quibus
1261 788 1331 824 nec

207 830 421 878 deberetur,
443 843 512 868 nec
529 829 670 868 liceret.

263 884 522 936 Quapropter,
550 883 730 922 incumbe
758 890 837 922 toto
859 883 989 922 animo
1017 891 1055 922 et
1079 884 1206 923 studio
1223 883 1332 923 omni

208 939 249 977 in
270 952 354 977 eam
383 937 583 984 rationem,
613 938 693 990 qu&
717 938 844 976 adhuc
866 951 960 976 usus
989 951 1042 985 es,
1069 946 1114 976 ut
1136 952 1213 986 eos,
1233 952 1330 990 quos

209 1002 287 1032 tuae
316 992 404 1031 fidei
422 991 676 1044 potestatique
695 1000 847 1030 senatus
863 993 1109 1055 populusque
1129 994 1332 1032 Romanus

211 1046 404 1086 commisit
423 1055 460 1084 et
478 1046 649 1094 credidit,
671 1047 822 1097 diligas,
842 1056 879 1085 et
897 1047 1004 1085 omni
1023 1047 1168 1085 ratione
1186 1054 1330 1097 tueare,

212 1110 256 1140 ut
289 1115 326 1140 es
329 1115 367 1140 se
396 1113 515 1153 quam
553 1101 790 1139 beatissimos
824 1101 930 1139 velis.
973 1101 1093 1149 Quod
1121 1101 1153 1139 si
1185 1108 1223 1140 te
1255 1114 1335 1141 sors

213 1156 334 1202 Afris,
355 1164 422 1193 aut
441 1155 642 1206 Hispanis,
663 1162 731 1194 aut
751 1155 874 1193 Gallis
892 1155 1165 1206 praefecisset,
1154 1156 1337 1194 immani-

211 1213 286 1250 bus
323 1223 366 1249 ac
395 1210 566 1248 barbaris
596 1209 840 1255 nationibus;
870 1217 999 1248 tamen
1030 1217 1126 1249 esset
1155 1209 1338 1248 humani-

213 1265 301 1303 tatis
329 1273 420 1312 tuae,
452 1263 647 1302 consulere
684 1276 817 1302 eorum
853 1263 1077 1311 commodis,
1108 1272 1147 1303 et
1182 1264 1340 1303 utilitati

213 1318 404 1370 salutique
424 1318 573 1356 servire.
601 1316 706 1358 Cum
724 1330 812 1356 vero
827 1317 862 1356 ei
879 1319 1009 1370 generi
1018 1318 1223 1357 hominum
1240 1331 1339 1370 prae-

216 1374 350 1421 simus,
370 1385 448 1410 non
467 1372 582 1410 modo
601 1372 642 1410 in
661 1385 739 1423 quo
757 1372 840 1423 ipsa
858 1372 920 1420 sit,
941 1373 1006 1411 sed
1020 1372 1136 1411 etiam
1155 1386 1179 1410 a
1191 1385 1269 1424 quo
1288 1373 1339 1412 ad

216 1428 309 1465 alios
340 1427 557 1478 pervenisse
581 1434 751 1478 putetur,
777 1426 1023 1472 humanitas3
1053 1433 1153 1465 certe
1175 1426 1222 1465 iis
1251 1440 1338 1466 eam

216 1482 463 1533 potissimum
495 1480 660 1518 tribuere
683 1479 882 1528 debemus,
901 1494 926 1518 a
943 1480 1084 1532 quibus
1106 1480 1337 1532 accepimus.

218 1536 312 1575 Non
331 1535 433 1573 enim
449 1547 512 1572 me
529 1534 602 1573 hoc
616 1535 700 1584 jam
719 1534 842 1572 dicere
859 1534 1033 1586 pudebit,
1050 1534 1277 1586 (praesertim
1295 1535 1336 1574 in

219 1590 264 1628 eii
283 1590 374 1638 vita,
396 1597 512 1640 atque
540 1588 586 1626 iis
612 1589 726 1626 rebus
743 1588 872 1639 gestis,
898 1588 939 1626 in
958 1589 1100 1640 quibus
1118 1601 1195 1628 non
1213 1597 1339 1640 potest

218 1644 381 1682 residere
412 1643 558 1681 inertiae
587 1649 655 1680 aut
683 1642 848 1681 levitatis
870 1643 952 1680 ulla
979 1643 1159 1695 suspicio)
1184 1655 1254 1682 nos
1278 1657 1338 1693 m,

220 1711 308 1749 quae
327 1697 516 1736 consecuti
529 1709 677 1744 sumus,
689 1696 750 1734 his
768 1696 903 1735 studiis
915 1704 952 1734 et
962 1697 1108 1736 artibus
1126 1710 1205 1736 esse
1222 1697 1341 1750 adep-

220 1760 292 1797 tos,
312 1765 399 1803 quae
425 1751 499 1789 sint
524 1750 635 1790 nobis
658 1751 817 1790 Graeciae
839 1751 1087 1791 monimentis
1114 1751 1343 1804 disciplinis-

222 1819 299 1858 que
317 1806 468 1844 tradita.

277 1859 420 1908 Quare,
453 1867 590 1910 praeter
622 1872 869 1898 communem
895 1858 1011 1898 fidem
1043 1873 1131 1913 quae
1162 1860 1342 1901 omnibus

222 1914 394 1961 debetur,
414 1921 597 1964 praeterea
615 1926 683 1952 nos
701 1914 765 1952 isti
784 1914 987 1952 hominum
1006 1914 1135 1966 generi
1153 1915 1344 1966 praeeipue

222 1968 360 2006 debere
380 1967 568 2014 videmur,
582 1975 641 2015 ut,
661 1981 828 2020 quorum
841 1969 1039 2019 praeceptis
1054 1969 1176 2007 simus
1187 1969 1341 2018 eruditi,

223 2022 329 2074 apud
347 2035 409 2060 eos
421 2022 535 2074 ipsm,
557 2022 661 2073 quod
680 2024 730 2061 ab
747 2023 794 2061 iis
819 2022 1078 2071 didicerimus,
1094 2022 1258 2062 velimus
1276 2037 1345 2063 ex-

225 2089 413 2128 promere.

277 2131 332 2168 X
354 2132 490 2182 Atque
503 2130 568 2169 ille
581 2130 740 2183 quidem
756 2130 932 2183 princeps
943 2131 1088 2182 ingenii
1100 2139 1138 2170 et
1151 2131 1347 2180 doctrinae,

225 2184 353 2233 Plato,
374 2192 458 2223 tum
488 2184 653 2236 denique
680 2185 760 2224 fore
779 2187 909 2224 bffltas
933 2186 1164 2237 respublicas
1181 2186 1346 2237 putavit,

224 2238 258 2276 si
277 2247 345 2277 aut
373 2238 473 2277 docti
503 2251 546 2278 ac
571 2239 761 2291 sapientes
788 2239 963 2278 homines
981 2253 1043 2279 eas
1068 2253 1196 2292 regere
1217 2240 1350 2293 coepis-
