1498 2401
278 94 359 134 AD
387 94 664 133 ATTICUM.
695 94 793 132 111ss-
815 94 942 132 XIII.
969 95 1032 132 25.
1146 93 1220 136 157

325 202 440 250 (24.)
469 201 679 241 CICERO
708 201 929 241 ATTICO
962 201 1000 239 S.

155 308 264 358 Quid
281 316 351 357 est,
371 309 475 361 quod
491 309 755 360 Hermogenes
769 308 867 347 mihi
879 308 1050 350 Clodius.
1069 308 1220 346 Andro-

99 376 253 403 menem
271 363 344 402 sibi
362 363 517 410 dixisse,
538 377 578 402 se
602 364 826 402 Ciceronem
845 362 982 400 vidisse
1010 363 1185 413 Corcyrae
1200 365 1218 401 .⁹

99 430 169 469 ego
188 417 291 456 enim
311 416 441 455 audita
465 417 536 455 tibi
553 418 744 468 putaffrram.
780 416 852 454 Nil
876 416 993 467 igitur
1011 428 1059 454 ne
1079 417 1113 454 ei
1132 417 1218 468 qui-

96 471 187 510 dem
199 471 429 510 literarum?
460 483 510 509 an
528 484 605 509 non
624 471 753 509 vidit?
784 447 914 508 faciest'
916 483 1005 521 ergo
1024 478 1067 508 ut
1087 470 1215 508 sciam.

96 525 206 574 Quid
223 524 294 563 tibi
313 537 383 576 ego
401 525 448 563 de
459 525 634 563 Varrone
651 524 887 563 rescribam?
916 530 1128 575 quatuor
1100 523 1117 560 δ
1120 524 1218 572 τίε-

95 594 165 629 pm
187 586 277 617 sunt
294 578 334 615 in
354 579 426 617 tua
447 586 656 630 potestate.
688 578 792 630 quod
818 577 951 629 egeris,
976 577 1016 615 id
1033 578 1215 638 probabo.

95 633 181 671 Nec
210 639 338 670 tamen
368 632 440 669 αιδε
428 649 526 681 ecum
553 639 601 681 Tr*
606 648 678 675 ωας
742 632 837 683 quid
865 631 1002 670 enim?
1032 631 1110 676 sed,
1142 631 1214 682 ipsi

96 699 216 747 quam
235 699 293 725 ιω
311 686 378 724 illa
402 688 640 747 probaretur,
667 686 790 737 magis
809 687 976 725 verebar.
1010 685 1099 735 Sed,
1120 698 1215 737 quo-

97 740 205 779 niam
224 747 267 779 tu
286 739 459 792 suscipis,
478 740 519 777 in
538 741 697 779 alteram
715 752 861 778 aurem.

310 903 424 956 (25.)
463 904 678 944 CICERO
708 904 926 944 ATTICO
955 905 995 943 S.

141 1012 205 1052 De
221 1014 444 1062 retentione,
474 1013 647 1065 rescripsi
675 1013 723 1051 ad
748 1021 835 1052 tuas
861 1021 1033 1053 accurate
1052 1014 1209 1066 scriptas

88 1067 227 1106 literas.
260 1066 446 1107 Conficies
471 1067 604 1118 igitur,
626 1074 663 1105 et
682 1067 838 1118 quidem
858 1067 938 1106 sine
955 1068 1037 1106 ulls
1058 1068 1210 1107 dubita-

90 1121 192 1160 tione
211 1128 278 1159 aut
295 1121 568 1159 retractatione.
608 1121 696 1159 Hoc
719 1121 801 1159 fieri
820 1129 856 1160 et
875 1129 1037 1173 oportet,
1059 1130 1095 1160 et
1114 1135 1210 1173 opus

88 1183 156 1214 est.
186 1175 250 1213 De
268 1175 531 1223 Andromene,
551 1183 595 1213 ut
610 1175 753 1222 scribis,
774 1175 828 1214 ita
840 1176 1045 1228 putaram:
1077 1176 1211 1215 scisses

89 1229 206 1276 enim,
227 1229 402 1280 mihique
420 1229 589 1267 dixisses.

141 1282 206 1321 Tu
225 1290 355 1321 tamen
370 1284 423 1321 ita
441 1283 538 1320 mihi
549 1283 597 1321 de
611 1283 736 1322 Bruto
755 1284 899 1332 scribis,
920 1293 964 1322 ut
983 1284 1030 1322 de
1044 1291 1082 1322 te
1097 1284 1207 1322 nihil.

88 1335 257 1384 Quando
275 1344 406 1376 autem
420 1337 532 1375 illum
547 1340 692 1388 putas?
712 1350 804 1375 nam
819 1351 888 1388 ego
903 1338 1072 1376 Romam
1087 1338 1212 1389 pridie

18 1412 20 1414 -
86 1391 194 1430 Idus.
219 1391 346 1429 Bruto
372 1391 427 1429 ita
445 1391 549 1429 volui
577 1391 750 1439 scribere,
773 1392 869 1440 (sed,
891 1392 1075 1444 quoniam
1099 1400 1142 1430 tu
1172 1401 1211 1430 te

83 1445 219 1497 legisse
237 1445 382 1492 scribis,
405 1444 464 1483 fui
485 1445 642 1484 fortasse
668 1454 903 1496 ασαφεστερο
909 1444 943 1495 ς)
973 1458 1036 1483 me
1062 1458 1110 1484 ex
1132 1447 1207 1484 tuis

82 1499 201 1538 literis
219 1499 463 1547 intellexisse,
487 1499 590 1537 nolle
608 1511 699 1537 eum
726 1511 803 1547 me,
824 1500 934 1550 quasi
952 1500 1208 1562 prosequendi

34 1561 38 1562 ’
84 1553 145 1592 sui
163 1567 291 1601 causa,
315 1554 485 1592 Romam
508 1564 612 1592 nunc
630 1553 769 1592 venire.
808 1554 898 1602 Sed,
923 1553 1107 1605 quoniam
1123 1555 1207 1603 jam

82 1607 189 1647 adest
206 1619 316 1645 meus
335 1607 534 1654 adventus,
559 1608 632 1653 fac,
654 1620 796 1659 quaeso,
818 1620 866 1646 ne
885 1608 980 1659 quid
999 1619 1089 1645 eum
1110 1608 1206 1646 Idus

81 1661 307 1713 impediant,
328 1661 534 1713 quominus
553 1674 622 1700 suo
641 1661 842 1700 commodo
857 1662 897 1699 in
912 1661 1133 1700 Tusculano
1145 1662 1206 1701 sit.

81 1716 168 1755 Nec
186 1715 290 1754 enim
308 1715 358 1753 ad
375 1716 549 1754 tabulam
575 1728 665 1754 eum
694 1715 974 1754 desideraturus
998 1728 1115 1754 eram.
1153 1717 1206 1754 In

81 1769 150 1809 tali
170 1769 274 1808 enim
291 1769 458 1821 negotio,
479 1782 547 1808 cur
564 1777 607 1808 tu
626 1782 728 1808 unus
752 1782 831 1807 non
854 1769 945 1808 satis
968 1783 1006 1808 es
1023 1771 1042 1808 Ρ
1071 1769 1137 1808 sed
1156 1770 1206 1809 ad

79 1830 354 1862 testamentum
367 1824 568 1862 volebam:
600 1823 704 1876 quod
719 1824 803 1873 jam
821 1824 925 1862 malo
944 1823 1018 1862 alio
1038 1823 1099 1861 die
1115 1838 1127 1870 ;
1156 1836 1206 1863 ne

79 1879 129 1917 ob
149 1891 234 1917 eam
259 1890 414 1916 causam
438 1878 610 1916 Romam
627 1878 774 1916 venisse
792 1877 932 1916 videar.
973 1877 1115 1929 Scripsi
1133 1878 1206 1929 igi-

79 1939 144 1971 tur
163 1932 212 1971 ad
230 1932 449 1979 Brutum,
434 1945 516 1982 Jam
534 1932 647 1979 illud,
668 1932 772 1983 quod
790 1931 1001 1984 putassem,
1021 1931 1125 1970 Idib.
1145 1932 1206 1969 ni-

78 1986 136 2024 hil
154 1999 265 2048 opus·
269 1999 360 2024 esse.
389 1986 522 2024 Velim
541 1999 644 2037 ergo,
670 1993 797 2024 totum
823 1986 895 2024 hoc
920 1986 975 2024 ita
1000 1984 1202 2036 gubernes,

81 2047 127 2078 ut
144 2053 194 2078 ne
211 2040 376 2078 minima
395 2040 553 2092 quidem
572 2053 613 2078 re
632 2040 713 2078 ulla
732 2039 849 2078 Bruti
867 2039 1139 2079 commodum
1128 2053 1203 2077 im-

80 2093 293 2146 pediamus.

135 2148 211 2186 Sed
229 2148 324 2200 quid
343 2155 398 2187 est
417 2148 585 2197 tandem,
607 2149 710 2201 quod
732 2149 1004 2200 perhorrescas,
1025 2147 1117 2200 quia
1135 2154 1202 2184 tuo

78 2202 247 2254 periculo
262 2204 421 2252 jubeam
439 2203 555 2242 libros
581 2203 662 2242 dari
682 2203 848 2242 Varroni
864 2205 882 2241 ἓ
912 2203 1026 2240 etiam
1049 2213 1152 2240 nunc
1171 2202 1204 2239 si

129 2257 296 2307 (Epist.)
327 2268 432 2295 vor.
456 2268 527 2294 ιιι.
898 2268 922 2294 ι’
