1498 2401
190 70 289 109 ‘212
401 77 486 116 AD
513 78 800 119 ATTICUM.
831 79 933 118 LIB.
953 78 1051 118 XV.
1074 78 1115 116 4.

209 228 212 229 ⁷
266 181 398 225 Calvae
429 194 703 227 testamentum
732 188 906 241 cognovi,
939 187 1107 226 hominis
1135 185 1261 238 turpis
1290 195 1336 222 ac

209 236 366 278 sordidi.
395 241 553 282 Tabula
578 243 785 282 Demonici
809 243 914 296 quod
938 243 1010 281 tibi
1027 254 1130 281 curae
1156 247 1227 285 est,
1246 251 1335 290 gra-

209 295 310 331 tum.
339 294 404 334 De
432 297 564 336 Mario
590 298 722 350 scripsi
741 299 825 347 jam
848 297 998 349 pridem
1017 296 1068 335 ad
1085 293 1335 334 Dolabellam

210 349 514 390 accuratissime:
544 352 660 391 modo
673 352 831 391 redditae
848 352 968 391 literae
985 351 1074 390 sint.
1103 349 1203 400 Ejus
1221 346 1336 387 causa

211 406 250 437 et
268 403 396 454 cupio,
417 412 454 444 et
472 405 604 445 debeo.

267 457 393 496 Venio
422 459 472 498 ad
490 462 718 513 propiorem.
748 461 923 513 Cognovi
948 461 996 499 de
1019 459 1228 505 Alexione,
1249 468 1338 508 quae

210 507 488 552 desiderabam.
518 515 673 555 Hirtius
699 524 755 555 est
783 525 887 555 tuus.
918 514 1103 561 Antonio,
1124 525 1244 565 quam
1264 517 1337 558 est,

209 564 298 604 volo
329 568 443 618 pejus
473 582 562 608 esse.
593 570 657 609 De
689 570 742 619 Q.
768 571 863 617 fflio,
894 578 940 608 ut
969 568 1128 614 scribis;
1158 567 1206 605 de
1230 573 1339 618 patre

209 627 339 678 foram
357 634 528 673 agemus.
558 625 731 663 Brutum
745 625 852 663 omni
869 637 924 670 re,
941 623 1020 676 qua
1033 634 1205 674 possum,
1225 619 1340 672 cupio

205 684 367 720 juvare:
401 678 511 726 cujus
543 678 591 716 de
623 679 864 718 oratiuncula
899 678 1003 716 idem
1031 684 1085 721 te,
1123 674 1227 728 quod
1259 686 1337 721 me,

211 729 352 768 sentire
382 731 503 770 video.
535 733 612 771 Sed
644 746 784 784 parum
817 732 1005 784 intellig0‚
1035 730 1131 783 quid
1157 742 1221 768 me
1244 727 1340 767 velis

214 782 389 833 scribere,
425 786 534 837 quasi
573 800 596 825 a
628 788 754 826 Bruto
782 787 916 825 habita
943 785 1126 833 oratione,
1156 796 1246 822 cum
1273 781 1341 820 ille

216 836 388 877 ediderit.
417 839 500 888 Qui
521 841 676 879 tandem
695 841 899 880 convenit?
928 853 978 879 an
998 841 1065 886 sic,
1085 846 1130 877 ut
1147 838 1189 876 in
1207 845 1340 890 tyran-

216 901 314 929 num
341 894 428 942 jure
457 895 604 946 optimo
632 896 798 935 ceaeum?
832 895 968 934 Multa
998 894 1187 940 dicentur,
1215 891 1343 930 multa

217 946 430 986 scribentur
451 961 474 986 a
503 950 640 995 nobis;
671 950 736 988 sed
761 951 837 989 alio
865 949 982 988 modo
1004 956 1042 987 et
1066 955 1249 999 tempore.
1278 945 1342 984 De

217 999 313 1038 sella
342 1001 516 1051 caesaris,
549 1005 646 1042 bene
672 1005 831 1043 tribuni.
861 1004 1067 1042 Praeclaros
1091 1002 1209 1041 etiam
1234 1000 1343 1039 XIV

219 1054 380 1094 ordines.
411 1057 583 1097 Brutum
613 1059 718 1110 apud
737 1072 800 1098 me
823 1058 942 1097 fuisse
963 1057 1140 1110 gaude03
1169 1054 1287 1094 modo
1305 1061 1344 1093 et

221 1107 385 1150 libenter
401 1110 532 1161 fuerit,
552 1124 590 1152 et
608 1121 666 1151 sat
685 1114 765 1152 diu.

455 1275 546 1329 (4.)
577 1276 791 1317 CICERO
819 1275 1043 1316 ATTICO
1071 1275 1114 1315 S.

275 1383 441 1425 Decimo
475 1385 679 1434 Calendas‚
708 1385 805 1425 hora
837 1385 950 1425 VIII
979 1385 1072 1433 fere,
1096 1397 1120 1422 a
1148 1381 1200 1431 Q.
1231 1381 1346 1421 Fufio

221 1441 327 1479 venit
355 1441 603 1480 tabellarius:
642 1441 770 1479 nescio
801 1440 896 1493 quid
932 1441 981 1478 ab
1012 1452 1056 1478 eo
1086 1438 1343 1486 literulamm‚

219 1494 280 1533 uti
298 1507 362 1533 me
381 1495 453 1534 sibi
471 1495 709 1534 restituerem
726 1510 737 1534 z
767 1507 858 1534 sane
875 1495 1034 1542 insulse,
1054 1501 1100 1532 ut
1117 1492 1212 1531 solet
1228 1506 1239 1530 ε
1269 1491 1345 1530 nisi

218 1549 333 1597 forte,
361 1563 449 1601 quae
477 1563 556 1589 non
581 1563 701 1597 amae,
728 1550 859 1588 omnia
876 1548 1055 1587 videntur
1078 1546 1222 1586 insulse
1249 1546 1346 1584 fieri.

222 1604 365 1655 Scripsi
383 1605 450 1654 ita,
477 1613 523 1644 ut
541 1613 578 1643 te
595 1607 846 1656 probaturum
868 1603 1097 1642 existimem.
1125 1600 1233 1640 Mihi
1250 1600 1348 1639 duas

221 1671 246 1696 a
278 1665 316 1696 te
346 1659 522 1710 epistolas
547 1659 726 1706 reddidit,
755 1671 876 1697 unam
904 1657 986 1705 XI,
1010 1658 1171 1696 alteram
1195 1655 1250 1694 X.
1279 1654 1347 1694 Ad

219 1713 469 1752 recentiorem
502 1714 624 1766 prius.
648 1714 703 1752 Et
734 1714 835 1765 legio
851 1715 869 1752 ?
903 1725 987 1751 rem
1017 1711 1146 1750 laudo.
1185 1710 1228 1750 Si
1256 1722 1346 1749 vero

214 1766 338 1805 etiam
359 1767 604 1815 Carfulenus,
633 1783 702 1805 ανω
721 1783 910 1813 ποταμων.

273 1821 440 1860 Antonii
459 1822 615 1861 consilia
632 1834 763 1861 narras
781 1821 1030 1860 turbulenta:
1059 1826 1176 1872 atque
1193 1819 1345 1858 utinam

211 1875 350 1928 —potius
367 1889 435 1927 per
452 1877 643 1928 populum
662 1885 765 1928 agat,
781 1889 900 1928 quam
914 1889 984 1927 per
1001 1883 1178 1914 senatum
1196 1874 1207 1911 Ξ
1238 1872 1344 1926 quod

216 1930 378 1981 quidem
396 1931 451 1969 ita
468 1931 591 1970 credo.
621 1931 697 1969 Sed
715 1931 813 1969 mihi
832 1938 958 1968 totum
977 1930 1060 1980 ejus
1071 1927 1275 1968 eonsilium
1292 1926 1344 1966 ad

218 1985 367 2022 bellum
397 1993 564 2037 spectare
596 1986 761 2034 videtur,
788 1984 821 2023 si
842 1984 999 2037 quidem
1023 1983 1187 2022 Decimo
1215 1982 1342 2021 Bruto

211 2039 408 2089 provincia
427 2040 597 2092 eripitur.
628 2040 800 2092 Quoquo
830 2039 944 2077 modo
970 2051 1042 2090 ego
1060 2037 1108 2076 de
1130 2036 1237 2075 iuius
1254 2048 1342 2075 ner-

210 2092 270 2132 vis
288 2093 481 2142 existimo,
501 2107 578 2132 non
607 2093 758 2132 videtur
777 2093 859 2132 fieri
883 2105 996 2144 posse
1015 2093 1095 2131 sine
1112 2091 1243 2129 bello:
1274 2088 1341 2128 sed

211 2158 291 2186 non
327 2148 468 2200 cupio;
498 2148 683 2201 quoniam
719 2155 874 2187 cavetur
911 2145 1142 2186 Buthrotiis.
1183 2144 1305 2184 Rides
1318 2146 1338 2183 ἓ

211 2201 272 2240 At
290 2203 495 2253 egodoleo‚
515 2215 594 2243 non
612 2203 700 2242 mea
718 2203 846 2255 potius
865 2201 1102 2251 assiduitate,
1121 2197 1336 2251 diligentia,

210 2256 350 2307 gratia,
370 2256 511 2310 perfici.
