1498 2401
164 122 239 167 174
339 122 415 161 AD
444 120 732 162 ATTICUM.
761 120 864 161 Lm.
893 121 1022 162 XIII.
1050 122 1119 161 48.

154 200 269 270 hodie
283 230 418 269 Antii:
440 244 536 279 cras,
551 238 641 270 ante
653 230 870 281 meridiem,
890 230 1010 270 domi.
1045 229 1125 280 Tu,
1144 233 1279 282 velim,

154 285 292 377 1113?ssssoe
311 285 567 377 'irmpedivistss
588 286 694 380 apssd
718 299 788 379 rffils
817 285 941 378 pridnife
970 285 1282 380 Caletbdasgum

155 355 337 433 Calgndis
350 342 920 434 eigpzffffiugbrecqrgom
937 409 948 432 ε
979 368 1053 433 me·
1071 354 1283 435 eniqriilagrg

152 456 255 496 ente,
277 449 408 487 omnia
426 462 515 488 cum
534 449 611 488 illis
629 449 789 501 transigi
806 449 924 487 malo.

207 502 349 550 Quinti
367 504 494 542 fratris
514 504 715 556 epistolam
741 503 791 542 ad
809 510 846 541 te
864 503 968 548 misi,
988 515 1067 542 non
1094 503 1186 543 satis
1203 503 1280 543 hu-

153 569 267 595 mane
285 557 394 596 illam
414 558 572 610 quidem
601 558 895 611 respondentem
913 558 1009 596 meis
1035 558 1182 607 literis;
1211 559 1279 598 sed

154 618 302 705 2243}qu
301 613 406 704 quod
428 612 499 652 tibi
517 613 608 652 satis
634 613 696 662 sit,
717 619 763 651 ut
790 611 971 664 equidem
993 612 1182 652 existimo.
1210 612 1276 652 Tu

370 829 484 882 (48.)
524 829 739 871 CICERO
769 829 990 871 ATTICO
1018 831 1060 870 s,

205 938 303 977 Heri
321 940 448 979 nescio
466 940 561 992 quid
575 940 614 978 in
635 940 796 992 strepitu
811 939 943 979 videor
954 939 1170 989 exaudisse,
1184 953 1276 980 cum

145 992 303 1040 diceres,
321 1001 357 1032 te
372 994 411 1032 in
428 994 696 1033 Tusculanum
712 1002 942 1033 venturum:
974 994 1079 1046 quod
1092 994 1244 1034 utinam
1260 996 1272 1034 !

147 1047 288 1085 iterum
321 1047 501 1087 utinam!
533 1057 601 1087 tuo
637 1057 769 1087 tamen
806 1048 1020 1087 commodo.
1050 1049 1178 1101 Lepta
1211 1062 1278 1088 me

146 1110 268 1152 rogat,
297 1110 355 1147 ut,
376 1103 407 1141 si
427 1103 520 1155 quid
541 1103 613 1142 sibi
643 1115 741 1155 opus
760 1102 822 1151 sit,
842 1115 1066 1142 accurram:
1096 1111 1275 1143 mortuus

146 1155 250 1192 enim
269 1155 487 1197 Babullius.
517 1158 645 1196 Caesar
666 1155 839 1210 (opinor)
855 1170 903 1196 ex
918 1155 1056 1196 uncia:
1087 1157 1158 1196 etsi
1175 1157 1275 1196 nihil

143 1208 294 1248 adhuc:
325 1211 391 1249 sed
424 1212 550 1264 Lepta
582 1225 631 1251 ex
657 1212 806 1250 triente.
847 1212 1014 1250 Veretur
1042 1219 1190 1260 autem,
1223 1224 1274 1251 ne

142 1274 221 1301 non
241 1264 352 1304 liceat
380 1273 508 1305 tenere
525 1266 815 1313 haereditatem3
848 1273 992 1313 αλογως
1009 1265 1183 1314 omnino,
1204 1266 1271 1305 sed

144 1325 295 1356 veretur
324 1332 465 1359 tamen.
497 1322 537 1360 Is
564 1321 683 1372 igitur
709 1320 740 1359 si
770 1320 934 1368 accieriu
954 1332 1180 1366 accurram3
1210 1320 1269 1359 sin

142 1371 287 1420 minus,
308 1374 414 1413 haud
442 1383 651 1428 antequam
681 1387 833 1415 necesse
862 1375 945 1414 erit.
975 1373 1040 1413 Tu
1064 1374 1268 1423 Pollicem,

141 1438 231 1464 cum
251 1429 404 1478 poteris.

196 1481 480 1522 Laudationem
508 1484 654 1523 Porciae
682 1483 754 1523 tibi
783 1482 873 1522 misi
898 1491 1131 1530 correctam3
1161 1496 1206 1522 ac
1224 1496 1269 1522 eo

139 1537 353 1586 properavi,
386 1546 443 1586 ut,
469 1538 501 1576 si
530 1538 627 1577 forte
652 1546 719 1577 aut
745 1537 911 1577 Domitii
929 1538 1010 1576 filio
1037 1545 1106 1576 aut
1143 1537 1272 1577 Bruto

139 1589 368 1639 mitteretur,
394 1592 476 1631 haec
504 1592 730 1632 mitteretur.
763 1592 826 1641 Id,
847 1592 879 1631 si
900 1592 972 1631 tibi
997 1593 1068 1632 erit
1097 1604 1269 1631 commo-

136 1643 249 1692 dum,
270 1658 502 1699 magnopere
516 1661 638 1695 cures,
663 1647 781 1686 velim
798 1661 808 1685 :
831 1655 869 1686 et
885 1647 1016 1695 velim,
1038 1646 1101 1685 Μ.
1121 1645 1267 1685 Varro-

139 1697 199 1736 nis
229 1706 266 1736 et
298 1701 417 1738 Lollii
448 1702 579 1740 mittas
620 1701 912 1745 laudationem;
947 1700 1068 1740 Lollii
1099 1699 1236 1752 utique
1251 1714 1264 1738 ε

139 1764 231 1789 nam
263 1752 372 1792 illam
402 1755 490 1807 legi.
531 1756 634 1794 Volo
666 1764 797 1794 tamen
826 1762 1048 1808 regustare:
1086 1753 1266 1808 quaednm

138 1806 241 1845 enim
261 1808 327 1847 vix
345 1809 444 1847 mihi
463 1809 573 1849 credo
591 1809 727 1861 legisse
745 1821 821 1849 me·

366 1972 485 2025 (49.)
516 1973 730 2014 CICERO
758 1973 975 2015 ATTICO
1002 1974 1043 2014 s.

190 2081 330 2121 Atticae
347 2081 520 2134 primum
541 2083 719 2132 salutem,
740 2096 859 2136 quam
882 2082 1062 2135 equidem
1081 2081 1162 2120 ruri
1180 2093 1262 2120 esse

130 2136 306 2174 arbitror.
337 2136 510 2175 Multam
537 2137 656 2189 igitur
685 2138 850 2177 salutem
875 2144 913 2175 et
942 2136 1066 2175 Piliae.
1097 2135 1161 2174 De
1188 2134 1262 2174 Ti-

132 2190 262 2240 gellio,
295 2191 326 2230 si
355 2190 450 2243 quid
483 2191 597 2230 novi:
628 2193 696 2244 qui
719 2192 894 2244 quidem,
925 2199 970 2229 ut
993 2189 1092 2229 mihi
1120 2189 1260 2228 Gallus

134 2244 279 2284 Fabius
297 2245 460 2298 scripsit,
489 2247 632 2295 μεμψιν
660 2255 824 2299 αναφερει
847 2245 944 2284 mihi
969 2244 1181 2298 quamdam
1199 2243 1259 2283 in-
