1477 2365
350 88 433 127 AD
461 87 753 129 ATTICUM.
784 90 885 130 Lm.
915 88 971 128 X.
1000 91 1038 129 4.
1214 91 1268 128 43

135 195 266 235 Facile
294 196 434 249 patior,
461 198 566 250 quod
596 199 742 245 scribit,
771 211 899 237 secum
921 197 1089 236 Tullum
1116 204 1155 236 et
1176 198 1266 238 Ser-

134 249 242 289 vium
262 259 414 303 questos
434 265 526 299 esse,
558 253 651 305 quia
669 265 747 291 non
772 252 878 290 idem
905 253 991 301 sibi,
1021 252 1127 304 quod
1149 252 1263 314 1111111,

133 304 350 344 remisisset.
382 306 574 346 Homines
588 307 793 346 ridiculos!
826 307 908 358 qui,
923 320 1013 346 cum
1027 307 1126 346 filios
1139 307 1266 345 1111515-

134 366 218 398 sent
236 359 286 398 ad
305 360 379 399 Cn.
400 361 634 413 Pompeium
661 361 1058 410 circumsidendum,
1048 362 1121 413 1psi
1145 361 1186 398 in
1206 374 1265 399 sen

133 419 270 452 natum
290 414 418 453 venire
437 415 670 455 dubitarent.
699 416 777 456 Sed
789 423 919 455 tamen
935 416 1159 468 exemplum
1173 414 1264 453 misi

132 467 182 506 ad
200 474 238 507 te
257 468 419 508 Caesaris
437 469 649 511 literarum.

370 634 458 688 (4.)
489 633 705 675 CICERO
733 633 959 674 ATTICO
989 636 1029 675 s.

186 742 339 783 Multas
359 757 382 782 a
399 751 437 783 te
457 745 584 797 accepi
603 744 780 798 epistolas
801 743 935 783 eodem
955 743 1031 793 die,
1052 756 1185 782 omnes
1205 743 1263 782 (11-

133 797 296 850 ligenter
325 799 510 852 scriptas·
542 813 629 839 eam
659 813 763 846 vero,
795 813 883 851 quae
913 798 1121 837 voluminis
1145 799 1265 836 instar

133 859 228 901 e1at,
245 866 345 905 saepe
362 854 581 906 legendam,
603 854 714 893 sicuti
732 853 854 892 facio.
885 853 926 890 in
938 867 1017 905 qua
1032 866 1110 892 non
1124 853 1266 891 frustra

132 907 305 946 laborem
325 909 550 961 511566Ρ1511ς
581 908 679 947 1111111
698 908 857 961 (1111(16111
881 915 1106 959 pergratum
1131 907 1266 946 fecisti.

134 960 282 1011 Quare,
303 970 348 1001 ut
366 962 421 1010 id,
449 963 577 1024 quoad
595 963 739 1009 licebit,
766 963 823 1007 (id
841 970 911 1011 est,
939 962 1067 1014 quoad
1086 962 1180 1001 scies
1197 962 1268 1000 ubi

135 1015 273 1063 simus)
293 1030 413 1068 quam
433 1017 642 1069 saepissime
660 1017 792 1065 facias,
811 1026 850 1055 te
869 1016 1113 1055 vehementer
1132 1029 1238 1067 rogo.

188 1070 248 1109 At
276 1071 503 1124 deplorandi
537 1072 697 1124 quidem
731 1071 853 1124 (quod
882 1070 1056 1122 quotidie
1084 1070 1266 1118 facimus)

133 1123 183 1163 sit
196 1125 282 1186 jam
302 1126 412 1165 nobis
431 1134 499 1165 aut
530 1126 617 1165 finis
636 1127 808 1174 omnino,
830 1125 863 1164 si
881 1132 1020 1177 potest,
1042 1132 1110 1163 aut
1135 1125 1269 1164 mode-

132 1179 231 1218 ratio
249 1180 445 1232 quaedam,
465 1181 570 1233 quod
588 1181 757 1233 profecto
768 1187 905 1233 potest.
939 1180 1034 1218 Non
1050 1179 1152 1218 enim
1168 1181 1267 1230 jam,

135 1246 257 1285 quam
276 1234 520 1297 dignitatem,
549 1249 646 1287 quos
674 1236 852 1282 honores,
874 1247 993 1286 quem
1017 1234 1105 1272 vitae
1124 1241 1269 1273 statum

135 1287 344 1335 amiserim,
376 1290 515 1341 cogito,
551 1290 617 1328 sed
649 1290 745 1342 quid
782 1296 1005 1328 consecutus
1038 1289 1141 1334 sim;
1173 1288 1269 1340 quid

133 1344 392 1394 praestiterim,
420 1358 500 1396 qua
521 1344 562 1382 in
587 1344 703 1383 laude
728 1344 920 1383 vixerim.
950 1342 1012 1381 his
1039 1342 1238 1395 denique
1228 1355 1270 1380 111

134 1397 262 1447 malis,
284 1398 380 1450 quid
409 1399 560 1438 intersit
583 1399 683 1438 inter
700 1412 765 1438 me
784 1405 822 1437 et
846 1398 952 1445 istos,
973 1410 1071 1450 quos
1095 1405 1267 1450 propter,

134 1464 267 1491 omma
287 1465 498 1492 3111151111115.

191 1507 251 1546 Η1
273 1515 377 1556 sunt,
404 1508 487 1560 qui,
515 1509 590 1547 nisi
616 1522 681 1547 me
707 1507 860 1547 civitate
888 1507 1139 1560 expulissent,
1170 1507 1270 1545 obti-

135 1573 226 1600 nere
245 1575 286 1601 se
303 1575 381 1601 non
400 1576 510 1615 posse
532 1571 768 1616 putaverunt
784 1563 980 1602 licentiam
1010 1562 1269 1623 cupiditatum

136 1629 321 1655 suarum:
352 1631 520 1670 quorum
541 1617 729 1657 societatis
750 1625 787 1656 et
807 1618 996 1656 sceleratae
1014 1616 1271 1656 consensionis

136 1669 230 1710 fides
250 1684 328 1724 quo
353 1673 534 1724 eruperit,
559 1673 677 1711 vides.
709 1672 818 1710 Alter
846 1671 954 1710 ardet
978 1671 1107 1710 furore
1129 1678 1167 1710 et
1192 1683 1271 1709 sce-

135 1725 227 1771 lere,
259 1739 330 1765 nec
358 1727 520 1766 remittit
548 1726 711 1779 aliquid,
739 1726 804 1765 sed
834 1727 875 1764 in
901 1726 982 1765 dies
1011 1724 1267 1778 ingravescit.

137 1779 255 1819 modo
286 1781 402 1820 Italia
432 1782 606 1834 expulit:
637 1794 742 1820 nunc
767 1781 845 1819 alia
867 1793 915 1821 ex
943 1757 1078 1833 parte⁰
1077 1780 1270 1832 persequi,

137 1841 176 1873 et
193 1834 271 1873 3113
288 1835 486 1887 provincia
509 1836 736 1888 exspoliare,
759 1843 944 1874 conatur:
976 1847 1046 1874 nec
1061 1836 1145 1884 jam
1165 1847 1274 1873 recu-

136 1895 209 1937 sat,
230 1889 295 1928 sed
314 1890 485 1942 quodam
503 1891 621 1930 modo
648 1890 833 1943 postulat,
853 1897 913 1940 ut,
940 1889 1272 1943 quemadmodum

137 1950 209 1991 oet,
240 1944 294 1983 sic
323 1945 440 1983 etiam
472 1946 702 1998 appelletur,
734 1952 935 1997 tyrannus.
978 1945 1108 1991 Alter,
1141 1943 1174 1982 is
1205 1943 1275 1995 qui

138 2009 209 2036 nos
238 1998 311 2036 sibi
343 2000 539 2051 quondam
571 2000 621 2038 ad
650 1999 766 2052 pedes
797 2006 934 2038 stratos
966 2012 1016 2038 ne
1044 1998 1273 2038 sublevabat

138 2051 313 2103 quidem,
334 2054 402 2105 qui
422 2068 461 2093 se
479 2054 579 2093 nihil
597 2062 729 2093 contra
750 2054 869 2104 hujus
887 2054 1127 2093 voluntatem
1146 2052 1273 2091 aiebat

139 2106 261 2145 facere
279 2121 402 2159 posse,
424 2110 576 2161 elapsus
606 2123 626 2147 6
647 2108 765 2148 506611
784 2109 965 2148 manibus
984 2122 1028 2147 ac
1055 2107 1170 2155 ferro,
1191 2106 1273 2145 bel-

138 2160 223 2199 lum
246 2162 345 2200 terra
364 2176 408 2201 ac
437 2164 535 2202 mari
554 2171 765 2216 comparat,
787 2176 864 2201 non
884 2163 1076 2213 injustum
1094 2162 1160 2201 ifle
1187 2160 1276 2213 qui-

138 2213 243 2265 dem,
275 2216 342 2255 sed
375 2230 464 2256 cum
491 2219 616 2270 pium,
649 2226 734 2258 tum
761 2219 877 2258 etiam
903 2216 1174 2265 necessarium,
1196 2214 1274 2254 suis
