1498 2401
187 94 268 132 200
360 91 445 131 AD
473 91 762 132 ATTICUM.
793 91 895 131 Lm.
915 92 1036 133 XIV.
1069 93 1136 132 18.

418 202 531 251 (18.)
569 201 782 242 CICERO
810 201 1034 242 ATTICO
1063 202 1104 242 S.

248 309 398 361 Saepius
427 323 492 350 me
512 312 597 361 jam
626 310 761 362 agitas,
791 310 896 362 quod
919 323 1003 350 rem
1027 318 1175 363 gestam
1202 310 1324 350 Dola-

193 364 306 402 bellae
334 364 451 403 nimis
481 366 522 403 in
545 366 685 404 coelum
709 365 838 404 videar
868 365 1013 404 efferre.
1059 366 1147 417 Ego
1177 374 1322 415 autem,

193 431 434 470 quamquam
453 432 545 458 sane
555 422 674 472 probo
692 419 853 469 factum,
870 427 1015 468 tamen,
1031 427 1076 458 ut
1089 427 1196 459 tanto
1210 433 1325 471 opere

191 473 406 522 laudarem,
430 474 617 513 adductus
636 487 723 512 sum
742 475 818 512 tuis
837 482 875 512 et
888 474 977 512 unis
989 482 1026 512 et
1044 475 1172 513 alteris
1188 475 1322 513 literis.

193 526 270 565 Sed
289 535 415 566 totum
434 542 474 567 se
492 542 515 567 a
533 536 571 567 te
589 528 820 568 abalienavit
833 528 1053 576 Dolabella,
1068 542 1114 567 ea
1131 528 1179 568 de
1194 541 1284 567 caus
1267 529 1323 577 sa,

193 594 273 633 qua
291 594 355 620 me
373 596 528 635 quoque
547 583 620 622 sibi
644 583 954 621 inimicissimum
979 582 1157 621 reddidit.
1196 582 1235 622 O
1253 583 1325 621 ho-

192 635 339 674 minem
365 637 600 689 pudentem!
634 637 814 676 Calendis
840 637 1039 675 Januariis
1061 637 1225 683 debuit;
1256 637 1326 676 ad-

191 689 270 728 huc
287 702 365 729 non
385 692 512 740 solvit,
533 692 745 743 praesertim
760 704 850 729 cum
869 704 910 729 se
919 691 1094 729 maximo
1109 705 1182 730 aere
1200 691 1326 731 alieno

191 743 346 783 Faberii
370 759 491 784 manu
509 747 695 793 liberarit,
721 754 757 784 et
775 758 889 797 opem
909 747 958 784 ab
984 758 1028 784 eo
1046 746 1225 797 petierit:
1257 746 1323 789 (11-

192 806 252 837 cet
281 800 385 838 enim
413 801 548 850 jocari,
575 813 625 839 ne
647 814 710 839 me
740 800 850 838 valde
876 802 1150 839 conturbatum
1178 807 1323 852 putes.)

190 853 324 904 Atque
342 868 412 906 ego
431 855 480 892 ad
499 868 604 903 eum,
625 855 739 893 VIII
760 854 870 901 Idus,
886 854 1016 893 literas
1031 854 1212 893 dederam
1224 856 1322 893 bene

191 920 330 946 mane:
364 909 498 947 eodem
518 918 649 948 autem
668 909 730 948 die
748 917 834 947 tuas
852 909 982 948 literas
1001 909 1149 961 vesperi
1167 922 1322 961 accepe-

191 974 276 999 ram
295 962 337 1000 in
357 963 610 1015 Pompeiano,
635 976 726 1002 sane
750 963 933 1011 celeriter,
959 963 1072 1002 tertio
1094 965 1162 1002 abs
1187 971 1225 1002 te
1247 963 1322 1002 die.

193 1015 284 1061 Sed,
305 1025 351 1055 ut
369 1017 418 1055 ad
437 1026 475 1056 te
494 1031 538 1056 eo
556 1018 639 1069 ipso
662 1018 724 1057 (110
752 1018 993 1080 scripseram,
1016 1018 1106 1056 satis
1131 1018 1323 1057 aculeatas

193 1069 243 1108 ad
267 1070 517 1110 Dolabellam
546 1073 675 1111 literas
700 1072 813 1111 dedi:
844 1085 932 1124 quae
965 1072 997 1111 si
1029 1072 1129 1110 nihil
1153 1072 1323 1124 profece-

189 1124 281 1173 rint,
302 1133 397 1177 puto
416 1126 510 1173 fore,
531 1134 577 1165 ut
590 1140 653 1166 me
671 1134 899 1179 prasentem
917 1139 995 1166 non
1014 1127 1211 1166 sustineat.

246 1180 461 1218 Albianum
491 1188 529 1220 te
561 1181 766 1220 confecisse
786 1181 961 1220 arbitror.
1001 1181 1065 1220 De
1093 1181 1323 1221 Patulciano

189 1234 361 1282 nomine,
379 1235 483 1286 quod
501 1235 599 1274 mihi
613 1236 880 1297 suppeditatus
898 1249 952 1284 es,
972 1235 1234 1288 gratissimum
1249 1244 1321 1297 est,

191 1296 229 1327 et
247 1289 372 1327 simile
391 1298 548 1328 tuorum
571 1291 760 1328 omnium.
794 1290 871 1329 Sed
893 1303 964 1342 ego
988 1290 1163 1334 Erotem
1180 1289 1229 1329 ad
1247 1290 1321 1328 ista

193 1343 431 1394 expedienda
456 1343 618 1391 factum,
638 1345 737 1382 mihi
767 1344 924 1383 videbar
954 1344 1177 1396 reliquisse:
1208 1346 1322 1394 cujus

190 1409 270 1435 non
289 1397 370 1436 sine
389 1398 533 1450 magna
551 1399 667 1451 culpa
685 1399 927 1438 vacillarunt.
957 1398 1034 1438 Sed
1052 1411 1142 1437 cum
1160 1399 1244 1460 ipso
1262 1399 1323 1437 vi·

190 1451 294 1490 dero.
324 1451 388 1490 De
406 1452 614 1501 Montano,
644 1456 706 1495 (ut
731 1466 831 1505 saepe
848 1452 898 1491 ad
926 1460 964 1491 te
983 1451 1133 1505 scripsi)
1161 1453 1232 1492 erit
1249 1453 1322 1492 tibi

189 1513 270 1544 tota
288 1519 348 1545 res
366 1519 478 1545 curae.
517 1507 671 1547 Servius
688 1508 928 1560 proficiscens
948 1507 1054 1559 quod
1078 1507 1322 1560 desperanter

189 1567 318 1599 tecum
331 1561 483 1600 locutus
498 1570 568 1611 est,
584 1563 746 1601 minime
759 1562 903 1610 miror;
918 1574 1045 1615 neque
1056 1561 1092 1601 ei
1103 1562 1320 1615 quidquam

190 1614 234 1653 in
253 1614 515 1667 desperatione
534 1617 710 1656 concedo.

242 1669 393 1708 Brutus
423 1679 565 1719 noster,
593 1671 798 1723 singularis
816 1671 889 1718 vir,
921 1671 952 1710 si
976 1671 1018 1710 in
1043 1677 1220 1711 senatum
1241 1683 1321 1711 11011

188 1730 245 1763 est
279 1723 459 1764 Calendis
488 1726 622 1765 Juniis
645 1735 844 1773 venturus,
880 1726 977 1778 quid
1004 1726 1176 1765 facturus
1198 1726 1247 1765 sit
1274 1726 1318 1765 in

188 1777 286 1825 foro,
308 1779 445 1818 nescio.
476 1780 552 1819 Sed
570 1781 643 1819 hoc
664 1781 746 1833 ipse
769 1780 921 1820 melius.
956 1780 1057 1833 Ego,
1081 1793 1131 1818 ex
1148 1780 1209 1819 his
1227 1793 1317 1833 quae

185 1832 314 1884 parari
331 1834 456 1882 video,
477 1847 555 1873 non
573 1836 746 1874 multum
772 1835 910 1874 Idibus
929 1835 1085 1874 Martiis
1103 1834 1319 1886 profectum

183 1887 329 1937 judico.
361 1888 502 1940 Itaque
519 1889 568 1928 de
583 1889 734 1929 Graecia
745 1890 916 1942 quotidie
930 1889 1054 1941 magis
1068 1896 1107 1927 et
1119 1889 1242 1941 1113813
1257 1901 1322 1928 co—

186 1941 295 1992 gito:
325 1955 396 1981 nec
414 1943 519 1982 enim
538 1945 665 1984 Bruto
679 1958 780 1993 meo,
796 1944 977 1983 exsilium
995 1947 1057 1987 (ut
1075 1943 1206 1983 scribis
1220 1944 1320 1997 ipse)

189 1996 408 2044 meditanti,
429 1998 538 2036 video
556 1999 651 2051 quid
669 1999 846 2061 prodesse
863 1999 1019 2051 possim.

192 2074 199 2078 -
244 2050 431 2090 Leonidae
449 2065 513 2091 me
531 2053 654 2092 literae'
669 2066 747 2092 non
767 2054 857 2092 satis
872 2053 1122 2092 delectarunt.
1151 2051 1215 2092 De
1233 2052 1320 2092 He·

186 2103 279 2143 rode
308 2105 379 2144 tibi
402 2107 599 2146 assentior.
636 2108 782 2147 Saufeii
806 2107 943 2160 legisse
966 2108 1119 2148 vellem.
1152 2107 1261 2160 Ego
1256 2119 1318 2147 ex

192 2158 433 2212 Pompeiano
447 2161 513 2201 VI
532 2162 629 2201 Idus
645 2162 775 2203 Maias
793 2162 1023 2215 cogitabam.
