1498 2401
359 111 439 148 AD
468 111 734 151 BRUTUM.
764 113 924 152 Emsr.
949 113 1009 149 10.
1171 113 1251 150 355

117 228 165 259 ut
195 221 236 258 in
270 219 420 258 Caesare
446 220 763 271 reprehenderes;
807 221 993 259 nonnulla
1031 220 1071 257 in
1103 219 1245 257 Hirtio.

121 275 255 324 Hujus
272 273 365 311 belli
383 273 552 322 fortuna,
573 282 618 312 ut
635 274 675 312 in
691 275 880 321 secundis,
896 276 1004 313 fluxa
1019 287 1032 318 ς
1062 282 1106 311 ut
1125 273 1163 310 in
1180 273 1249 311 ad-

118 328 248 375 versis,
268 329 381 366 bona.
420 327 517 366 Erat
536 328 671 366 victrix
698 329 926 380 respublica,
954 328 1058 366 caesis
1082 327 1248 365 Antonii

120 382 253 434 copiis,
268 381 353 433 ipso
371 383 533 433 expulso
552 395 575 419 a
593 382 731 421 Bruto.
771 383 924 421 Deinde
943 383 996 420 ita
1015 382 1140 419 multa
1159 394 1248 432 pcc-

118 444 217 484 cata,
236 442 282 473 ut
301 435 586 487 quodammodo
606 436 762 474 victoria
791 436 980 475 excideret
1007 449 1027 473 e
1052 435 1247 473 manibus.

117 489 388 537 Perterritos,
378 502 555 536 mermes,
582 491 744 537 saucios,
771 502 850 528 non
879 499 967 528 sunt
996 489 1115 527 nostri
1133 489 1248 527 duces

117 544 329 596 persecuti·
360 543 572 595 datumque
588 544 738 595 Lepido
764 551 919 595 tempus
938 552 1006 591 est,
1033 544 1074 580 in
1094 556 1172 594 quo
1190 543 1246 580 le-

117 598 276 636 vitatem
299 599 395 648 ejus,
420 610 520 649 saepe
543 606 796 650 perspectam,
823 598 1034 647 majoribus
1060 597 1100 634 in
1130 597 1244 635 malis

116 651 389 703 experiremur.

172 706 274 745 Sunt
303 706 490 745 exercitus
512 706 619 754 boni,
650 706 713 746 sed
740 706 867 752 rudes,
889 706 1006 746 Bruti
1031 714 1068 745 et
1093 705 1241 744 Planci.

118 760 219 800 Sunt
247 759 468 799 fidelissima
494 768 531 799 et
554 761 728 800 maxima
753 761 897 799 auxilia
919 761 1134 801 Gallorum.
1167 759 1244 798 Sed

117 815 324 862 caesarem,
358 815 454 852 meis
484 815 649 853 consiliis
682 815 807 853 adhuc
839 817 1113 866 gubernatum,
1145 827 1243 864 prae-

115 869 219 907 clara
236 868 365 920 ipsum
384 868 524 915 indole,
546 869 839 921 admirabilique
858 869 1083 915 constantia,
1099 868 1245 919 impre-

114 922 281 961 bissimis
299 923 417 961 literis
431 922 603 975 quidam,
621 923 899 974 fallacibusque
916 922 1186 974 interpretibus
1201 935 1245 960 ac

115 976 275 1024 nuntiis,
295 976 533 1028 impulerunt
551 977 592 1015 in
612 990 720 1029 spem
739 978 991 1016 certissimam
1010 976 1241 1015 consulatus.

115 1030 236 1078 Quod
255 1030 371 1069 simul
401 1039 516 1082 atque
535 1032 648 1078 sensi,
677 1044 803 1084 neque
821 1044 891 1082 ego
909 1031 1023 1069 illum
1042 1032 1240 1069 absentem

115 1084 234 1123 literis
251 1097 408 1124 monere
426 1085 566 1134 destiti,
583 1099 653 1124 nec
665 1099 840 1124 accusare
850 1093 1054 1137 praesentes
1073 1086 1155 1134 ejus
1173 1096 1240 1122 ne-

115 1139 306 1186 cessarios,
340 1139 408 1191 qui
431 1141 513 1190 ejus
539 1139 738 1192 cupiditati
765 1139 967 1191 suffragari
985 1139 1235 1177 videbantur:

114 1204 184 1231 nec
213 1192 255 1231 in
286 1201 420 1232 senatu
445 1194 821 1232 sceleratissimorum
844 1194 1091 1232 consiliorum
1116 1192 1239 1230 fontes

115 1247 264 1298 aperire
295 1247 492 1286 dubitavi:
525 1260 594 1286 nec
613 1261 715 1296 vero,
743 1248 825 1285 ulla
851 1248 891 1285 in
910 1261 964 1294 re,
991 1246 1152 1285 memini
1171 1254 1240 1284 aut

112 1308 289 1340 senatum
303 1301 499 1340 meliorem
513 1309 580 1340 aut
592 1302 850 1363 magistratus.
880 1302 1099 1353 Nunquam
1119 1299 1237 1349 enim,

110 1354 153 1393 in
164 1355 306 1394 honore
318 1356 614 1397 extraordinario
624 1357 789 1407 potentis
797 1356 978 1403 hominis,
989 1356 1048 1394 vel
1057 1354 1240 1406 potentis-

112 1408 353 1461 simipotius,
370 1410 702 1462 (quandoquidem
720 1410 890 1462 potentia
900 1411 984 1459 jam
1001 1410 1043 1447 in
1058 1409 1096 1447 vi
1114 1407 1238 1461 posita

112 1470 183 1511 est,
196 1461 379 1513 etarmis)
400 1464 549 1512 accidit,
569 1472 614 1502 ut
631 1476 746 1502 nemo
769 1465 947 1502 tribunus
965 1462 1103 1515 plebis,
1123 1475 1238 1500 nemo

110 1517 188 1556 alio
201 1517 449 1579 magistratu,
454 1530 569 1556 nemo
579 1518 765 1570 privatus,
779 1526 910 1556 auctor
922 1518 1129 1556 exsisteret.
1147 1515 1237 1565 Sed,

111 1572 153 1609 in
171 1571 243 1610 hac
265 1572 477 1610 constantia
501 1579 617 1624 atque
635 1572 790 1621 virtute,
817 1579 896 1610 erat
920 1579 1052 1610 tamen
1077 1570 1238 1608 sollicita

106 1625 251 1665 civitas.
281 1625 491 1664 Illudimur
502 1627 620 1674 enim,
636 1626 774 1669 Brute,
788 1638 879 1664 cum
892 1625 1063 1663 militum
1079 1624 1237 1685 deliciis,

107 1686 196 1718 tum
221 1679 459 1731 imperatoris
482 1680 697 1728 insolentia.
741 1681 918 1718 Tantum
947 1679 1110 1731 quisque
1131 1691 1172 1716 se
1196 1678 1237 1716 in

106 1732 306 1784 republica
337 1747 447 1785 posse
482 1727 666 1786 postulat,
705 1743 897 1787 quantum
933 1734 1049 1773 habet
1081 1732 1235 1772 virium.

108 1787 205 1826 Non
222 1787 333 1835 ratio,
353 1799 432 1826 non
450 1788 602 1837 modus,
628 1801 708 1827 non
727 1789 807 1835 lex,
826 1800 905 1826 non
924 1801 1022 1835 mos,
1049 1786 1129 1826 non
1153 1786 1236 1824 offi-

108 1841 213 1881 cium
239 1841 368 1887 valet;
397 1853 476 1880 non
491 1842 697 1892 judicium,
723 1854 802 1881 non
826 1840 1058 1880 existimatio
1076 1840 1234 1887 civium,

105 1907 185 1934 non
201 1895 432 1947 posteritatis
450 1896 689 1936 verecundia.

161 1949 262 1988 Haec
279 1962 350 2001 ego
368 1949 492 1988 multo
510 1958 598 1989 ante
616 1950 861 2004 prospiciens,
881 1950 1078 2002 fugiebam
1090 1963 1139 1988 ex
1154 1949 1236 1988 Ita-

106 2002 174 2052 lia,
194 2010 295 2050 tum,
316 2016 406 2042 cum
424 2017 488 2043 me
506 2012 719 2044 vestrorum
737 2005 948 2044 edictorum
961 2005 1067 2043 fama
1084 2015 1238 2042 revoca-

108 2057 178 2096 vit.
212 2057 426 2096 Incitavistl
452 2071 540 2097 vero
571 2067 616 2097 tu
643 2072 720 2108 me,
743 2060 881 2106 Brute,
912 2059 1049 2097 Veliae.
1085 2057 1238 2105 Quam-

111 2124 233 2163 quam
251 2111 354 2150 enim
373 2111 592 2159 dolebam,'
581 2125 623 2151 m
642 2126 728 2152 eam
745 2126 809 2152 me
820 2116 958 2152 urbem
976 2112 1045 2160 ire,
1059 2124 1178 2164 quam
1192 2118 1236 2149 tu

110 2165 276 2216 fugeres,
308 2165 377 2218 qui
412 2179 498 2205 eam
530 2167 764 2207 liberavissae
802 2167 926 2220 (quod
957 2166 1055 2205 mini
1085 2177 1240 2226 quoque

114 2219 312 2270 quondam
338 2220 537 2268 acciderat,
568 2221 737 2273 periculo
758 2221 891 2264 simili,
911 2234 1000 2260 casu
1033 2219 1237 2267 tristiore)-
1227 2247 1238 2264 ,
