1498 2401
203 137 282 174 354
435 134 518 174 AD
545 133 813 174 BRUTUM.
842 134 1002 173 Emsr.
1027 136 1088 174 lo.

196 243 265 281 tibi
283 255 387 281 nunc
411 243 557 295 populo
584 250 621 282 et
647 255 768 282 scenae
799 243 861 295 (ut
892 240 1051 293 dicitur)
1072 242 1315 282 serviendum

195 305 262 335 est.
303 297 425 345 Nam,
445 310 535 336 cum
559 297 601 334 in
626 304 664 335 te
687 309 765 335 non
794 297 919 335 solum
948 297 1133 335 exercitus
1159 297 1231 345 tui,
1252 298 1319 336 sed

194 351 370 390 omnium
395 351 553 399 civium,
587 364 630 389 ac
659 363 767 402 paene
796 351 985 402 gentium,
1019 351 1180 400 conjecti
1216 351 1318 389 oculi

193 405 283 453 sint,
297 404 458 443 minime
476 405 596 453 decet,
616 412 770 457 propter
788 417 906 457 quem
924 404 1095 443 fortiores
1109 405 1233 443 caeteri
1251 418 1316 443 su-

192 471 296 505 mus,
317 472 407 497 eum
428 459 559 510 ipsum
584 459 714 496 animo
741 458 983 497 debilitatum
1009 458 1141 497 videri.
1178 458 1313 506 Quam

191 513 241 550 ob
260 526 342 551 rem
361 512 537 564 accepisti
565 520 611 550 tu
625 512 783 564 quidem
809 512 980 550 dolorem
1008 512 1065 556 (id
1094 512 1198 551 enim
1216 513 1314 550 ami-

191 566 285 614 sisti,
306 567 369 605 cui
387 567 510 605 simile
524 566 564 604 in
593 567 701 605 terris
721 566 818 604 nihil
843 565 953 616 fuit),
977 574 1015 604 et
1033 574 1088 605 est
1105 565 1314 604 dolendum

191 619 232 657 in
252 627 332 658 tam
351 620 458 671 gravi
473 621 629 658 vulnere
650 622 717 672 (ne
730 621 771 658 id
785 620 930 671 ipsum,
947 633 1071 658 carere
1085 620 1191 659 omni
1202 633 1314 659 sensu

190 673 344 723 doloris,
366 675 414 712 sit
440 674 614 712 miserius
637 687 756 726 quam
783 673 957 724 dolere);
988 673 1068 721 sed,
1088 681 1134 712 ut
1151 673 1314 723 modice,

191 728 334 766 caeteris
358 728 453 766 utile
477 736 547 776 est,
569 728 639 766 tibi
663 740 812 766 necesse
842 735 910 766 est.
948 728 1160 766 Scriberem
1185 728 1312 779 plura,

189 781 264 820 nisi
283 781 332 820 ad
345 789 383 820 te
401 782 483 820 haec
501 782 584 833 ipsa
597 782 712 819 nimis
726 782 853 819 multa
864 789 997 820 essent„
1029 781 1115 820 Nos
1127 788 1164 820 te
1176 788 1310 819 tuum-

187 848 264 887 que
282 835 491 874 exercitum
511 844 775 887 exspectamus
791 848 803 881 ;
833 835 914 874 sine
932 848 1023 887 quo,
1043 843 1088 874 ut
1100 835 1247 887 reliqua
1265 848 1313 873 ex

189 889 376 928 sententia
395 889 610 936 succedant,
624 889 691 927 vix
708 889 798 927 satis
816 889 928 928 liberi
939 889 1115 928 videmur
1133 889 1225 928 fore.
1248 889 1312 927 De

188 942 270 981 tot&⁴
288 957 328 981 re
346 942 500 994 publica
517 944 631 994 plura
649 943 825 991 scribam,
846 950 884 981 et
902 943 1058 982 fortasse
1079 945 1162 994 jam
1179 943 1313 982 certio-

190 1009 246 1046 ra,
259 997 319 1036 his
334 997 468 1045 literis,
488 1010 584 1049 quas
603 996 737 1036 Veteri
755 1004 884 1036 nostro
903 997 1117 1049 cogitabam
1136 997 1238 1036 dare.
1303 1002 1306 1005 '

420 1162 534 1214 (10.)
565 1163 777 1204 CICERO
806 1164 1007 1205 BRUTO
1036 1165 1076 1205 S.

244 1272 570 1322 (Argumentum.
584 1293 639 1303 —
649 1272 857 1321 Quomodo
874 1274 1021 1314 bellum
1040 1272 1090 1312 ad
1108 1272 1308 1312 Mutinam

189 1334 356 1378 geratur,
366 1334 403 1364 et
415 1326 509 1378 quid
524 1326 571 1365 de
583 1325 796 1366 Octaviano
804 1335 991 1376 vereatur,
1002 1335 1203 1379 totumque
1214 1327 1307 1379 reip.

188 1387 329 1419 statum
351 1380 548 1431 perscribit
563 1394 576 1427 3
605 1381 869 1433 hortaturque,
882 1389 940 1429 ut,
954 1395 1002 1420 ex
1013 1384 1163 1420 senatus
1181 1387 1311 1420 aucto-

190 1434 315 1482 ritate,
335 1434 504 1472 celeriter
518 1446 608 1473 cum
620 1435 786 1473 exercitu
809 1436 849 1473 in
869 1435 1025 1474 Italiam
1036 1435 1187 1478 veniat;
1218 1433 1312 1474 Cas-

188 1488 380 1540 siumque,
400 1494 445 1526 ut
462 1487 565 1527 idem
583 1488 710 1537 faeiat,
726 1488 930 1539 hortetur.)

241 1595 384 1634 Nullas
409 1595 536 1635 adhuc
560 1610 583 1635 a
601 1604 639 1635 te
656 1596 784 1636 literas
801 1597 1068 1644 habebamus,
1056 1611 1067 1622 ·
1097 1609 1146 1636 ne
1163 1596 1308 1636 famam

186 1649 360 1702 quidem,
380 1663 467 1701 quae
486 1650 707 1698 declararet,
730 1658 781 1699 te,
803 1651 955 1702 cognita
973 1653 1124 1690 senatus
1142 1651 1306 1690 auctori-

184 1711 277 1751 tate,
308 1703 350 1741 in
379 1704 536 1742 Italiam
565 1704 752 1744 adducere
777 1705 1010 1743 exercitum:
1050 1705 1155 1757 quod
1182 1712 1228 1744 ut
1250 1704 1312 1744 fa-

184 1770 300 1804 ceres,
318 1756 436 1810 idque
457 1766 682 1806 maturares,
708 1771 939 1810 magnopere
963 1759 1201 1798 desiderabat
1227 1771 1305 1798 res-

185 1811 354 1863 publiea.
383 1812 620 1863 Ingravescit
632 1813 735 1851 enim
746 1813 787 1851 in
799 1812 901 1851 dies
891 1813 1115 1861 intestinum
1129 1812 1303 1852 malum·
1290 1827 1304 1861 3

185 1878 256 1904 nec
273 1866 436 1904 externis
454 1865 628 1904 hostibus
646 1866 783 1918 magis,
809 1879 929 1917 quam
953 1857 1182 1915 domesticis,
1201 1867 1308 1906 labo-

183 1931 341 1965 ramus;
373 1919 441 1971 qui
459 1927 566 1958 erant
583 1920 741 1959 omnino
759 1922 808 1959 ab
826 1920 936 1960 initio
953 1921 1060 1968 belli,
1074 1920 1140 1959 sed
1157 1920 1307 1960 facilius

183 1973 470 2025 frangebantur.
508 1973 682 2012 Erectior
711 1980 864 2013 senatus
893 1982 986 2022 erat,
1006 1987 1085 2013 non
1109 1974 1306 2013 sententiis

184 2027 311 2066 solum
338 2027 489 2076 nostris,
520 2027 586 2066 sed
611 2027 727 2066 etiam
749 2027 1083 2077 cohortationibus,
1107 2027 1305 2076 excitatus.

183 2080 282 2119 Erat
294 2081 337 2119 in
355 2089 489 2120 senatu
507 2081 597 2120 satis
615 2081 818 2121 vehemens
836 2088 874 2120 et
892 2095 976 2121 acer
994 2082 1136 2130 Pansa,
1156 2094 1246 2120 cum
1264 2082 1305 2120 in

185 2142 338 2174 caeteros
356 2134 473 2185 hujus
490 2135 652 2187 generiS,
665 2142 752 2174 tum
769 2136 939 2175 maxime
956 2135 997 2174 in
1016 2147 1186 2174 socerum
1202 2149 1214 2173 ε
1243 2135 1307 2174 cui

186 2189 331 2227 consuli
360 2201 438 2228 non
471 2189 624 2228 animus
655 2191 704 2228 ab
731 2190 855 2238 initio,
877 2201 955 2228 non
980 2189 1075 2228 fides
1103 2188 1153 2228 ad
1182 2195 1306 2228 extre-

187 2254 312 2291 mum,
334 2242 467 2283 defuit.
498 2244 655 2284 Bellum
680 2243 730 2283 ad
754 2244 954 2284 Mutinam
976 2245 1191 2295 gerebatur,
1210 2242 1309 2281 nihil
