1467 2401
316 87 400 126 AD
427 89 716 129 ATTICUM.
745 90 845 128 LIB.
875 89 930 128 X.
962 90 1024 127 12.
1184 89 1233 128 61

122 193 300 245 quaedam
317 209 606 250 consequemur.
636 198 694 237 Sit
713 197 828 236 modo
847 204 944 236 recte
963 197 1003 236 in
1018 196 1219 249 Hispaniis
1230 211 1242 235 :

123 261 361 301 quamquam
391 252 438 290 de
467 251 550 303 ipsa
570 252 699 291 Sicilia
730 252 879 290 utinam
910 252 958 290 sit
987 251 1147 290 verum!
1178 251 1245 290 sed

124 301 249 341 adhuc
267 304 366 342 nihil
385 305 550 344 secundi.
583 305 803 346 Concursus
823 306 1040 344 Siculorum
1059 305 1108 343 ad
1129 304 1246 344 Cato-

123 366 213 393 nem
227 357 365 396 dicitur
376 360 523 406 factus;
553 361 692 409 orasse,
711 368 755 398 ut
768 360 954 398 resisteret
969 373 981 405 ;
1012 359 1142 398 omnia
1159 360 1245 411 pol·

121 408 267 449 licitos:
299 422 535 453 commotum
557 414 684 462 illum,
705 415 895 452 delectum
917 414 1056 451 habere
1075 415 1243 465 coepisse.

122 463 215 501 Non
235 466 359 514 eredo,
381 476 425 506 ut
444 476 502 507 est
523 469 742 507 luculentus
767 476 910 506 auctor.
953 467 1128 506 Potuisse
1147 474 1245 506 certe

121 523 249 557 tenere
266 519 374 559 illam
405 523 642 574 provinciam
666 523 754 562 scio.
798 524 866 560 Ab
886 521 1086 573 Hispaniis
1112 529 1242 560 autem

115 571 199 620 jam
219 574 407 614 audietur.

174 626 256 666 Hic
274 640 343 667 nos
363 630 408 668 C.
430 631 665 670 Marcellum
683 631 885 677 habemus,
906 629 1039 668 eadem
1060 629 1108 668 de
1121 642 1162 668 re
1180 642 1243 668 co-

118 680 319 732 gitantem,
340 692 407 722 aut
426 686 523 723 bene
549 685 820 724 simulantem:
853 696 1091 735 quamquam
1113 684 1244 735 ipsum

117 747 195 773 non
218 736 401 784 videram,
423 739 488 777 sed
518 753 566 778 ex
593 738 890 778 familiarissimo
920 739 1003 788 ejus
1025 737 1243 776 audiebam.

118 789 199 838 Tu,
213 805 358 842 quaeso,
380 789 411 831 si
430 793 526 845 quid
545 794 703 832 habebis
718 793 821 832 novi.
847 792 950 844 Ego,
964 793 996 830 si
1007 791 1102 844 quid
1120 791 1245 830 moliti

117 844 273 894 erimus,
294 847 400 898 ad⁴te
419 848 549 886 statim
565 848 741 886 scribam.

171 899 367 947 Quintum
401 902 526 940 filium
553 902 716 941 severius
739 901 953 940 adhibebo:
985 899 1136 939 utinam
1154 912 1245 952 pro-

116 953 227 993 ficere
256 956 428 1006 possim!
460 956 527 993 Tu
558 964 688 994 tamen
712 969 774 994 eas
805 955 997 1007 epistolas,
1026 954 1167 1006 quibus
1185 968 1245 993 as-

116 1009 245 1060 perius
264 1010 311 1048 de
327 1023 369 1049 eo
389 1010 521 1062 sc1ipsi
540 1010 762 1062 aliquando,
781 1009 1010 1061 eoncerpsto,
1023 1021 1072 1046 ne
1090 1008 1245 1060 quando

115 1062 211 1114 quid
229 1072 405 1102 emanet:
437 1078 507 1116 ego
526 1063 620 1103 item
640 1073 738 1103 tuas.

170 1118 348 1156 Servium
382 1127 573 1170 exspect0‚
612 1131 682 1157 nec
718 1120 767 1157 ab
804 1131 848 1157 eo
882 1117 1098 1170 quidquam
1135 1117 1244 1164 ὑγιες.

115 1171 232 1219 Scies,
247 1172 438 1224 quidquid
451 1173 534 1211 erit.
564 1172 655 1211 Sine
666 1172 784 1211 dubio
803 1172 947 1211 errasse
961 1184 1044 1226 nos,
1061 1171 1245 1209 confiten-

113 1225 210 1264 dum
233 1234 299 1264 est.
342 1228 404 1265 At
423 1228 571 1266 semel?
601 1234 640 1265 at
665 1227 746 1265 una
771 1227 812 1264 in
842 1229 914 1265 re?
944 1226 1066 1263 immo
1098 1225 1245 1274 omnia,

113 1293 191 1332 quo
206 1281 426 1332 diligentius
446 1281 623 1332 cogitata,
645 1294 688 1319 eo
702 1280 803 1319 facta
817 1288 906 1319 sunt
920 1279 1215 1331 imprudentius.

155 1377 269 1407 Αλλα
290 1386 338 1408 τα
356 1387 422 1419 μεν
444 1368 688 1423 πῆοτετυχθαι
709 1384 877 1418 εασομεν,
896 1383 1081 1421 αχνυμεκι
1102 1383 1166 1419 περ
1180 1383 1192 1406 z

110 1444 152 1483 in
171 1445 329 1496 reliquis
355 1445 470 1484 modo
489 1458 538 1484 ne
556 1458 739 1484 ruamus:
768 1445 881 1494 jubes
901 1443 1005 1481 enim
1027 1443 1074 1481 de
1092 1442 1240 1494 profec-

112 1499 215 1537 tione
246 1500 334 1538 mea
356 1500 565 1551 providere.
602 1499 711 1548 Quid
739 1498 960 1551 provideam
976 1500 993 1536 ‚⁹
1023 1498 1076 1535 ita
1105 1505 1239 1549 patent

109 1553 254 1601 omnia,
271 1567 359 1605 quae
379 1554 545 1592 accidere
563 1561 737 1605 possunt,
759 1561 817 1600 ut,
838 1565 883 1590 ea
901 1552 933 1590 si
952 1551 1083 1600 vitem,
1106 1551 1240 1590 seden-

110 1607 206 1646 dum
219 1608 267 1647 sit
278 1621 365 1647 cum
387 1608 567 1647 dedecore
586 1616 623 1646 et
635 1608 762 1646 dolore
779 1622 789 1644 :
812 1606 843 1645 si
861 1606 1071 1657 negligam,
1087 1605 1239 1657 pericu-

108 1661 193 1699 lum
206 1670 275 1710 est,
291 1675 340 1701 ne
358 1663 397 1700 in
417 1675 557 1700 manus
575 1662 743 1701 incidam
761 1661 1010 1713 perditorum.
1039 1660 1115 1699 Sed
1133 1659 1235 1707 vide,

107 1717 262 1768 quantis
275 1717 316 1754 in
334 1717 496 1755 miseriis
515 1717 647 1755 simus.
677 1715 908 1767 Optandum
922 1713 1117 1752 interdum
1131 1714 1237 1752 vide-

106 1777 184 1817 tur,
205 1779 249 1809 ut
267 1772 439 1823 aliquam
459 1771 690 1823 accipiamus
708 1772 756 1808 ab
767 1769 849 1808 istis
864 1768 1040 1820 quamvis
1059 1769 1236 1806 acerbam

106 1824 306 1874 injuriam,
326 1834 371 1864 ut
389 1834 551 1878 tyranno
569 1826 611 1863 in
630 1825 717 1863 odio
735 1824 851 1862 fuisse
869 1823 1082 1861 videamur.
1115 1821 1234 1869 Quod

107 1878 140 1916 si
158 1879 268 1917 nobis
287 1880 319 1918 is
339 1893 486 1927 cursus,
516 1893 634 1931 quem
653 1879 862 1931 speraram,
887 1884 1059 1929 pateret:
1091 1876 1235 1914 effecis-

104 1945 185 1971 sem
204 1933 351 1985 aliquid
369 1935 551 1986 profecto,
567 1942 612 1972 ut
630 1941 672 1971 tu
688 1942 797 1984 optas
816 1939 854 1970 et
870 1930 1048 1977 hortaris,
1069 1929 1233 1980 dignum

103 1988 234 2026 nostra
252 1990 373 2026 mora.
404 1989 479 2027 Sed
492 1988 663 2026 mirificae
675 1995 765 2025 sunt
783 1985 987 2025 custodiae:
1019 1991 1057 2022 et
1075 1983 1232 2035 quidem

103 2040 169 2079 ille
190 2041 272 2093 ipse
292 2042 410 2081 Curio
429 2050 636 2094 suspectus.
667 2042 813 2089 Quare,
833 2040 872 2078 vi
900 2047 968 2077 aut
995 2039 1093 2077 clam
1115 2050 1233 2088 agen-

104 2095 198 2134 dum
220 2103 277 2135 est
292 2112 302 2135 :
334 2105 385 2146 et,
406 2097 439 2135 si
457 2099 509 2144 vi,
539 2097 638 2134 forte
663 2104 700 2134 et
729 2108 817 2134 cum
849 2100 1096 2145 tempestate:
1128 2092 1229 2130 clam

103 2157 233 2189 autem
261 2151 366 2197 istis3
396 2151 436 2190 in
456 2164 533 2202 quo
560 2151 591 2189 si
621 2149 725 2202 quod
754 2156 926 2201 σφαλμα,
959 2147 1077 2194 vides,
1109 2158 1230 2197 quam

159 2209 328 2259 (Epist.)
342 2218 448 2246 voL.
470 2218 546 2244 111.
982 2213 1009 2237 G
