1498 2401
231 112 309 150 142
417 110 501 150 AD
528 111 815 151 ATTICUM.
846 113 942 151 Lm.
963 111 1087 151 XIII.
1117 114 1156 150 6.

227 226 265 259 et
285 219 400 258 veh'm
419 219 526 269 scire,
547 233 635 272 quae
654 220 703 259 sit
725 233 813 272 pars
835 221 1013 260 duorum.
1052 220 1117 259 De
1134 218 1251 258 Bruti
1277 219 1346 258 ad-

225 281 342 313 ventu
367 286 472 312 eram
508 274 632 313 factus
666 275 828 314 certior:
871 276 1050 313 attulerat
1085 273 1189 313 enim
1222 275 1271 312 ab
1301 285 1347 312 eo

226 328 402 379 AEgypta
418 328 576 367 libertus
594 328 734 368 literas.
772 329 869 368 Misi
889 329 938 368 ad
962 336 1001 368 te
1019 327 1233 381 epistolam,
1254 327 1348 380 quia

227 381 426 421 commode
445 382 583 434 scripta
597 391 688 421 erat.

467 543 557 596 (4.)
585 542 798 584 cmERo
825 541 1044 583 ATTICO
1072 544 1113 582 s.

283 653 422 692 Habeo
438 664 582 692 munus
600 666 624 691 a
641 661 678 692 te
696 653 932 691 elaboratum
956 651 1087 689 decem
1105 652 1320 701 legatorum
1333 663 1345 687 =

228 715 266 746 et
284 707 443 759 quidem
461 714 568 758 puto.
604 707 711 745 Nam
730 707 835 744 filius
852 718 952 744 anno
970 713 1056 757 post
1074 712 1238 757 qum‘wr
1255 704 1346 751 fuit,

227 774 347 813 quam
379 762 511 800 consul
537 761 770 799 Mummius.
809 760 898 806 Sed,
928 759 1112 810 quoniam
1134 758 1273 810 saepius
1300 757 1351 796 de

228 815 452 854 nominibus
487 815 640 867 quaeris,
672 814 766 866 quid
797 814 958 864 placeat,
993 825 1063 864 ego
1093 824 1248 864 quoque
1276 811 1349 850 tibi

227 869 365 921 saepius
384 869 606 920 respondeo,
627 869 788 920 placere.
822 867 863 906 Si
888 867 982 918 quid
1006 867 1146 918 poteris
1164 879 1253 904 cum
1279 866 1348 904 Pi-

226 936 331 971 sone,
352 923 548 963 conficies:
579 922 706 960 Avius
732 922 836 960 enim
855 921 1005 960 videtur
1029 920 1069 958 in
1088 919 1211 959 officio
1235 919 1346 958 futu-

225 991 303 1016 rus.
332 977 479 1023 Velim,
500 984 588 1015 ante
607 976 727 1027 possis
744 990 754 1014 :
787 976 819 1014 si
843 975 986 1022 minus,
1006 974 1141 1027 utique
1163 973 1279 1012 simul
1298 973 1348 1012 si-

228 1044 332 1079 mus,
352 1044 442 1070 cum
460 1032 609 1069 Brutus
623 1030 748 1069 veniet
765 1030 805 1067 in
818 1029 1100 1068 Tusculanum.
1129 1028 1270 1079 Magni
1287 1027 1349 1066 in-

225 1092 339 1124 terest
366 1085 470 1131 megi,
498 1085 579 1123 un&
605 1097 674 1123 nos
702 1097 793 1123 esse.
825 1084 927 1122 Scies
949 1093 1092 1130 autem,
1113 1082 1182 1135 qui
1209 1081 1289 1120 dies
1314 1081 1350 1121 is

225 1139 378 1178 futurus
399 1139 460 1187 sit,
482 1138 512 1177 si
531 1151 652 1191 puero
670 1139 868 1190 negotium
886 1136 1047 1185 dederis,
1067 1146 1112 1175 ut
1131 1143 1290 1188 quaerat.

455 1300 544 1354 (5.)
577 1298 794 1341 CICERO
820 1298 1042 1339 ATTioo
1069 1300 1109 1338 S.

279 1409 466 1461 Spurium
495 1409 740 1448 Mummium
777 1405 955 1460 putaram
984 1406 1026 1445 in
1055 1406 1182 1444 decem
1210 1405 1348 1457 legatis

225 1464 369 1502 fuisse:
401 1463 467 1502 sed
491 1463 691 1502 videlicet:
727 1463 868 1502 etenim
897 1468 1037 1506 ευλογον
1061 1460 1170 1499 fratri
1196 1459 1315 1498 fuisse
1331 1475 1343 1498 :

223 1517 300 1556 fuit
319 1517 422 1556 enim
441 1518 491 1557 ad
502 1518 746 1556 Corinthum.
776 1516 874 1554 Misi
887 1515 957 1553 tibi
970 1513 1226 1566 Torquatum.
1257 1513 1348 1552 Col-

225 1573 381 1623 loquere
406 1579 450 1610 tu
478 1571 637 1624 quidem
661 1584 751 1611 eum
777 1569 884 1617 Silio,
908 1576 953 1607 ut
980 1568 1136 1615 scribis3
1172 1575 1209 1606 et
1235 1581 1344 1619 urge.

226 1624 344 1665 Illam
375 1625 478 1664 ‹h‘em
505 1627 671 1677 negabat
698 1637 776 1664 esse
802 1636 934 1663 mense
962 1622 1102 1669 Mai03
1129 1622 1244 1661 istam
1266 1633 1345 1660 non

223 1681 399 1731 negabat.
430 1679 506 1719 Sed
531 1687 588 1727 tu,
609 1687 654 1718 ut
680 1679 822 1726 omnia,
849 1678 948 1716 istuc
976 1688 1130 1728 quoque
1151 1689 1241 1727 ages
1257 1675 1347 1714 dili-

221 1741 365 1785 genter.
406 1733 469 1772 De
499 1733 635 1785 Crispo
668 1741 705 1772 et
729 1730 931 1780 Mustellss,
955 1731 1109 1778 seilicet,
1135 1743 1225 1770 cum
1249 1729 1346 1781 quid

224 1787 355 1838 egeris.
389 1787 587 1835 Quoniam
610 1787 659 1825 ad
677 1787 793 1826 Bruti
815 1786 1024 1825 adventum
1048 1785 1128 1823 fore
1155 1791 1192 1823 te
1213 1784 1345 1822 nobis-

221 1854 311 1880 eum
329 1841 532 1892 polliceris,
560 1841 649 1880 satis
667 1849 747 1889 θεῖς
775 1840 987 1893 praesertim
1006 1851 1096 1877 cum
1113 1838 1156 1876 hi
1174 1837 1244 1877 tibi
1261 1838 1346 1877 dies

225 1896 267 1934 in
285 1907 427 1947 magno
442 1902 570 1935 nostro
590 1896 743 1946 negotio
762 1901 1049 1934 consumantur.

454 2056 541 2108 (6.)
572 2056 785 2097 CICERO
813 2056 1037 2096 ATT1co
1066 2056 1107 2095 s.

277 2166 341 2205 De
358 2166 587 2218 aquaeductu
606 2167 724 2218 probe
746 2165 878 2206 fecisti.
902 2164 1221 2214 columnarium,
1239 2163 1340 2211 vide,

224 2234 270 2260 ne
304 2219 503 2274 [nullum]
539 2221 774 2260 debeamus:
819 2232 1056 2271 quamquam
1085 2220 1183 2259 mihi
1209 2218 1345 2258 videor
