1513 2370
250 121 326 160 106
433 121 518 162 AD
543 122 831 162 ATTICUM.
861 122 963 161 Lm.
988 120 1092 161 XII.
1122 122 1185 162 10.

475 228 564 280 (8.)
603 230 814 270 CICERO
843 229 1065 269 ATTICO
1094 230 1136 269 S.

296 337 361 376 De
389 338 584 386 Cicerone,
613 339 750 378 multis
777 352 836 378 res
866 339 1014 391 placet:
1044 350 1172 377 comes
1200 345 1258 378 est
1279 338 1365 378 ido-

240 405 349 431 neus.
381 393 457 431 Sed
476 392 524 431 de
541 392 668 444 prima
695 394 876 444 pensione
894 401 983 431 ante
1000 392 1211 431 videamus.
1240 392 1365 431 Adest

241 446 347 485 enim
365 446 470 493 dies3
501 454 538 485 et
554 447 621 485 ille
634 447 763 485 currit.
792 447 934 493 Scribe,
955 459 1098 498 quae50‚
1113 446 1208 497 quid
1225 446 1366 485 referat

244 499 358 540 Celer
376 501 495 551 egisse
511 501 700 539 Caesarem
715 514 804 540 cum
818 500 1027 540 candidatis
1043 514 1056 546 ς
1076 508 1209 538 utrum
1227 500 1309 552 ipse
1321 500 1363 538 in

241 554 558 602 Foenicularium‚
591 568 640 592 an
676 555 717 592 in
750 555 943 592 Martium
977 554 1173 606 Campum
1208 554 1361 605 cogitet.

240 608 297 646 Et
326 621 416 647 sane
449 609 542 647 scire
571 609 701 657 velim,
732 609 926 660 numquid
950 621 1100 647 necesse
1125 608 1172 646 sit
1201 608 1363 646 comitiis

238 675 319 701 esse
351 663 516 701 Romae:
546 675 639 701 nam
671 670 710 700 et
742 662 854 700 Piliae
885 662 1196 700 satisfaciendum
1224 669 1294 711 est,
1325 669 1363 700 et

237 716 373 769 utique
398 717 552 755 Atticae.

469 877 560 929 (9.)
591 877 804 917 CICERO
833 876 1058 917 ATTICO
1088 878 1130 917 S.

289 985 366 1024 Nae
384 997 454 1036 ego
472 997 593 1023 essem
611 985 677 1023 hic
694 985 870 1033 libenter,
892 992 1009 1037 atque
1026 985 1068 1023 id
1087 984 1258 1037 quotidie
1274 998 1360 1025 ma-

293 1040 366 1088 ‚ni
385 1047 480 1077 esset
507 1052 551 1077 ea
569 1052 696 1087 causa,
723 1052 844 1091 quam
872 1039 946 1078 tibi
963 1039 1221 1091 superioribus
1239 1039 1360 1080 literis

234 1069 378 1145 scripsi.
420 1093 535 1131 Nihil
562 1093 635 1131 hac
667 1093 874 1131 solitudine
900 1093 1124 1143 jucundius,
1158 1093 1232 1132 nisi
1260 1107 1359 1146 pau-

232 1148 319 1186 lum
344 1147 624 1198 interpellasset
650 1149 834 1199 Amyntae
852 1147 967 1186 filius.
998 1154 1028 1185 Ω.
1048 1154 1360 1198 απεραντολογιας

233 1217 256 1239 α
259 1202 359 1245 ηὸους
371 1202 380 1239 !
399 1201 547 1241 Caetera
557 1201 636 1239 noli
651 1209 786 1253 putare
797 1201 1021 1240 amabiliora
1034 1201 1115 1240 fieri
1127 1213 1238 1253 posse
1250 1201 1358 1250 villa,

233 1256 357 1304 litore,
378 1264 579 1307 prospectu
598 1255 730 1303 maris,
745 1263 831 1294 tum
848 1256 909 1294 1113
927 1258 1042 1294 rebus
1061 1255 1253 1293 omnibus.
1282 1255 1360 1294 Sed

231 1321 357 1361 neque
374 1310 456 1348 haec
475 1310 592 1360 digna
609 1310 847 1361 longioribus
865 1309 1013 1357 literis3
1041 1321 1112 1348 nec
1130 1316 1226 1360 erat,
1253 1309 1358 1362 quod

231 1365 432 1403 scriberem
449 1377 462 1410 ;
492 1371 529 1402 et
547 1376 705 1402 somnus
723 1365 898 1415 urgebat.

449 1521 564 1572 (10.)
596 1518 813 1559 CICERO
843 1519 1068 1559 ATTICO
1096 1520 1138 1559 S.

283 1628 394 1667 Male
428 1627 682 1680 (mehercule)
715 1627 763 1665 de
791 1627 1041 1666 Athamante.
1079 1627 1194 1666 Tuus
1223 1634 1354 1667 autem

226 1683 334 1721 dolor
352 1684 547 1721 humanus
566 1683 598 1720 is
617 1681 790 1733 quidem,
816 1681 881 1719 sed
899 1694 1132 1742 magnopere
1151 1683 1355 1721 moderan-

225 1737 309 1775 dus.
341 1736 655 1774 Consolationum
675 1743 803 1773 autem
820 1735 954 1773 multae
972 1735 1071 1780 viae;
1103 1735 1170 1773 sed
1188 1735 1257 1774 illa
1273 1749 1355 1776 rec-

223 1791 394 1829 tissima:
424 1791 603 1841 impetret
633 1791 744 1837 ratio,
774 1789 879 1840 quod
900 1788 980 1826 dies
1003 1789 1259 1841 impetratura
1283 1798 1353 1829 est.

222 1845 384 1883 Alexim
413 1857 502 1882 vero
533 1856 723 1890 curemus,
762 1843 972 1893 imaginem
1007 1843 1191 1890 Tironis3
1234 1857 1350 1896 quem

224 1911 373 1951 aegrum
406 1898 577 1936 Romam
609 1897 765 1935 remisi:
809 1904 859 1945 et,
891 1897 923 1934 si
959 1897 1055 1948 quid
1091 1897 1209 1936 habet
1244 1898 1352 1937 collis

223 1953 323 1990 επιδν
305 1967 367 1997 ημι
372 1967 420 1999 ον,
441 1951 490 1989 ad
508 1965 572 1989 me
591 1963 680 1989 cum
699 1951 910 1989 Tisameno
928 1951 1215 1989 transferamus.
1246 1951 1352 1991 Tota

219 2007 358 2044 domus
387 2005 557 2057 superior
586 2012 707 2054 vacat,
734 2012 779 2043 ut
803 2004 887 2044 scis.
916 2004 1006 2044 Hoc
1030 2012 1126 2057 puto
1153 2004 1265 2044 valde
1300 2006 1351 2044 ad

221 2073 304 2099 rem
323 2061 523 2112 pertinere.
