1513 2370
324 86 410 126 AD
428 86 715 128 ATTICUM.
745 86 848 128 Lm.
869 86 972 127 XII.
1002 87 1046 133 7.
1170 87 1251 127 105,

126 200 328 234 tantumne
346 196 394 234 ab
414 208 454 233 re
472 194 542 233 tua
560 202 616 234 est
633 195 700 234 otii
718 195 835 243 tibi,''
862 202 907 233 ut
926 195 1041 233 etiam
1062 195 1091 217 “
1108 193 1251 234 Orato-

129 249 239 287 rem’'
258 249 362 299 legas
380 251 397 288 ?
426 249 558 287 Macte
576 249 716 287 virtute
735 244 744 287 l
775 249 872 287 mihi
892 248 1048 300 quidem
1067 257 1221 300 gratum
1239 261 1253 292 ;

128 310 166 341 et
184 302 255 345 erit.
272 303 431 353 gratius,
453 303 498 349 si,
518 315 595 341 non
614 303 730 342 modo
748 303 790 340 in
808 303 916 341 libris
937 303 1027 349 tuis,
1049 303 1114 340 sed
1133 302 1252 340 etiam

128 356 170 394 in
188 357 352 394 aliorum
378 370 446 408 per
463 356 636 395 librarios
661 367 760 404 tuos,
793 360 821 379 “
837 357 1169 406 Aristophanenz”
1195 369 1256 393 re-

128 410 300 461 posueris
318 423 387 461 pro
415 414 443 433 ‘⁶
459 412 645 460 Eupoli.'’
677 409 806 450 Caesar
832 419 963 449 autem
985 410 1083 447 mihi
1099 409 1259 447 irridere

127 464 231 502 visus
249 472 305 502 est
325 469 353 487 ⁶⁶
373 464 536 509 Quaeso”
562 465 660 502 illud
679 473 808 508 tuum,
829 465 933 515 quod
952 472 1032 502 erat
1058 479 1193 505 ευπινες
1213 473 1254 500 et.

130 519 337 558 urbanum.
366 518 430 556 Ita
448 531 560 569 porro
589 526 627 557 te
645 519 726 557 sine
744 517 835 557 cura
855 532 932 556 esse
948 517 1076 567 jussit,
1096 524 1141 554 ut
1157 516 1256 554 mihi

129 571 288 623 quidem
303 571 582 610 dubitationem
596 585 751 611 omnem
767 573 926 610 tolleret.
955 571 1130 609 Atticam
1144 569 1254 608 doleo

129 632 213 668 tam
231 625 323 669 diu:
357 625 436 672 sed,
458 627 642 678 quoniam
663 627 747 676 jam
778 625 859 664 sine
877 626 1032 664 horrore
1056 631 1126 673 est,
1146 636 1256 675 spero

133 692 227 730 esse,
247 687 292 718 ut
311 680 504 719 volumus.

368 842 456 897 (7.)
488 843 701 885 CICERO
730 843 953 884 ATTICO
981 845 1022 884 S.

191 950 296 1000 Quae
324 950 527 1000 desideras,
547 953 679 991 omnia
698 952 830 1015 scripsi
847 952 888 990 in
907 951 1089 992 codicillis
1108 953 1264 1013 (eosque

137 1005 250 1044 Eroti
267 1005 371 1052 dedi)
392 1008 568 1055 breviter,
595 1007 662 1045 sed
680 1008 796 1045 etiam
821 1008 934 1058 plura
952 1020 1071 1059 quam
1096 1007 1261 1057 quaeris·
1248 1034 1263 1052 ‚

137 1060 179 1097 in
198 1059 258 1107 iis,
285 1059 333 1098 de
363 1058 572 1099 Cicerone.
603 1062 712 1110 cujus
740 1061 898 1112 quidem
925 1060 1161 1112 cogitationis
1190 1059 1266 1097 ini-

136 1113 237 1152 tium
257 1123 300 1151 tu
319 1114 418 1151 mihi
437 1115 609 1153 attulisti.
638 1115 811 1153 Locutus
840 1127 925 1152 sum
947 1128 1037 1153 cum
1063 1127 1106 1153 eo
1125 1114 1266 1152 libera-

136 1167 306 1208 lissime·
338 1168 451 1228 quod
461 1182 509 1207 ex
528 1169 625 1220 ipso,
647 1169 776 1216 velim,
797 1168 829 1206 si
848 1168 962 1206 modo
981 1168 1052 1207 tibi
1071 1168 1141 1206 erit
1160 1180 1266 1206 com-

138 1221 314 1269 modum,
350 1222 545 1261 sciscitere.
573 1222 649 1261 Sed
678 1223 773 1273 quid
803 1222 964 1261 differo.
955 1225 972 1250 t>
1000 1222 1266 1274 Exposui,te

139 1288 188 1314 ex
220 1288 283 1313 me
315 1275 508 1323 detulisse,
540 1276 677 1337 ecquid
707 1277 834 1322 vellet,
862 1276 999 1328 ecquid
1027 1276 1264 1327 requireret..

138 1329 236 1367 velle
256 1329 504 1380 Hispaniam,
525 1330 716 1381 requirere
733 1330 1015 1368 liberalitatem.
1046 1329 1109 1368 De
1127 1330 1271 1367 libera-

138 1382 261 1432 litate,
295 1383 391 1431 dixi,
427 1393 621 1435 quantum
654 1384 865 1433 Publilius,
899 1392 1091 1435 quantum
1123 1383 1268 1422 flamen

140 1437 348 1483 Lentulus,
368 1437 460 1475 filio.

192 1490 257 1530 De
289 1491 497 1542 Hispania,
531 1490 608 1529 duo
638 1491 779 1537 attuli3
809 1491 982 1543 primum
1008 1491 1126 1540 idem,
1162 1491 1268 1543 quod

139 1545 225 1593 tibi,
260 1558 324 1583 me
356 1546 476 1583 vereri
504 1545 823 1596 vituperationem
843 1560 853 1583 ε
884 1558 962 1583 non
991 1546 1080 1584 satis
1113 1559 1205 1593 esse,
1237 1546 1269 1583 si

139 1599 223 1637 haec
252 1612 361 1637 arma
387 1599 672 1650 reliquissemus
686 1600 704 1636 ?
733 1600 850 1637 etiam
881 1600 1102 1638 contraria?
1131 1599 1270 1639 deinde

138 1653 234 1701 fore,
255 1661 300 1691 ut
318 1662 535 1704 angeretur,
552 1666 641 1691 cum
656 1667 679 1691 a
697 1654 813 1692 fratre
832 1653 1092 1691 familiaritate
1110 1661 1146 1692 et
1163 1653 1270 1692 omni

141 1708 267 1758 gratia
286 1707 509 1745 vinceretur.
539 1707 671 1745 Velim
690 1708 813 1758 magis
838 1708 1064 1746 liberalitate
1083 1708 1141 1745 uti
1165 1708 1269 1756 mea,

143 1774 263 1812 quam
284 1761 354 1799 sua
371 1761 573 1799 libertate:
604 1761 669 1799 sed
688 1769 818 1800 tamen
845 1762 1015 1813 permisi.
1042 1761 1136 1799 Tibi
1167 1762 1271 1800 enim

144 1815 413 1856 intellexeram
431 1826 509 1852 non
529 1815 644 1853 nimis
663 1815 873 1866 displicere.
901 1816 989 1866 Ego
1018 1816 1133 1853 etiam
1156 1825 1273 1868 atque

147 1869 264 1908 etiam
283 1868 456 1919 cogitabo
472 1882 485 1913 ;
515 1878 645 1920 atque,
659 1877 703 1906 ut
716 1869 820 1907 idem
839 1870 968 1916 facias,
989 1883 1093 1920 rogo,
1121 1869 1273 1920 Magna

146 1936 206 1961 res
221 1930 258 1961 et
273 1922 438 1974 simplex
452 1930 509 1961 est
519 1935 674 1961 manere
689 1937 702 1970 ς
723 1923 822 1962 illud
836 1937 973 1976 anceps
989 1938 999 1962 :
1022 1936 1156 1962 verum
1169 1924 1276 1962 vide-

145 1976 286 2016 bimus.

202 2030 266 2068 De
286 2030 425 2077 Balbo,
447 2037 484 2067 et
501 2030 541 2067 in
561 2031 742 2070 codicillis
762 2031 1013 2084 scripseram:
1043 2039 1080 2071 et
1098 2031 1153 2070 ita
1170 2032 1275 2082 cogi-

149 2092 205 2131 to,
225 2085 342 2122 simul
359 2098 402 2123 ac
418 2084 582 2122 redierit.
612 2085 681 2124 Sin
700 2086 765 2124 ille
789 2086 948 2133 tardius,
970 2100 1040 2137 ego
1058 2094 1187 2124 tamen
1208 2086 1276 2123 tri-

149 2139 299 2178 duum:
332 2146 370 2177 et
390 2138 511 2191 (quod
525 2139 706 2191 praeterii)
722 2139 928 2188 Dolabella
946 2142 1061 2179 etiam
1080 2152 1247 2178 mecum.
