1498 2401
179 115 262 153 364
407 114 491 156 AD
520 114 977 154 BRUTUM.E1›1s·r.
1010 115 1073 155 15.

176 223 366 263 volebam.
394 223 530 276 Atque
543 223 612 262 ino
630 222 694 262 die
712 223 888 275 cognovi,
906 225 1025 276 paulo
1038 221 1198 277 plures
1184 235 1227 262 ιιι
1249 236 1308 263 se-

177 285 273 317 natu
291 278 498 317 malevolos
517 291 611 326 esse,
632 291 751 330 quam
769 286 908 329 gratos.

231 332 313 371 Eos
339 346 409 384 per
434 333 536 384 ipsos
563 333 657 380 dios,
687 332 807 371 effudi
831 333 880 376 (si
906 333 961 371 ita
978 333 1052 382 vis)
1079 294 1242 371 honores
1266 331 1309 370 in

177 394 364 435 mortuos,
386 387 563 425 Hirtium
583 394 620 426 et
636 387 817 435 Pansam,
829 387 1022 439 Aquilam
1038 387 1177 426 etiam.
1167 401 1177 410 ·
1202 385 1309 448 quod

179 441 266 493 quis
284 441 541 493 reprehendit,
568 441 642 480 nisi
660 441 742 508 qui,
771 441 944 493 deposito
972 450 1096 490 metu,
1126 440 1309 493 praeteriti

178 496 340 548 periculi
368 495 484 534 fuerit
511 496 687 535 oblitus?
716 495 937 534 Accedebat
959 496 1009 534 ad
1033 495 1210 535 beneficii
1225 507 1310 533 me-

175 551 341 588 moriam
369 559 518 602 gratam
542 550 638 588 ratio
662 550 745 599 illa,
769 564 857 603 quae
884 550 1001 589 etiam
1028 550 1189 602 posteris
1211 556 1309 588 esset

177 604 366 643 salutaris.
406 605 573 644 Exstare
606 606 710 643 enim
743 605 920 643 volebam
952 604 994 642 in
1027 603 1309 644 crudelissimos

175 658 304 698 hostes
321 659 560 698 monimenta
585 659 663 698 odii
687 658 833 711 publici
855 659 1097 710 sempiterna.
1129 657 1309 710 Suspicor

177 713 277 751 illud
295 714 426 752 minus
443 714 514 752 tibi
533 713 700 765 probari,
731 713 836 764 quod
854 714 906 751 ab
930 713 1008 752 tuis
1035 712 1307 759 familiaribus,

178 768 335 819 optimis
353 768 430 807 illis
449 768 606 820 quidem
622 768 726 814 viris,
748 767 813 806 sed
831 766 873 805 in
892 780 933 805 re
951 767 1109 819 publica
1132 766 1309 815 rudibus,

179 834 257 861 non
269 824 518 874 probabatur,
539 822 658 874 quod,
678 830 723 859 ut
741 821 872 860 ovanti
889 821 1045 860 introire
1064 821 1208 860 caesari
1220 821 1313 859 lice·

179 884 252 924 ret,
273 877 516 915 decreverim.
542 877 630 928 Ego
655 884 786 914 autem
814 875 900 929 (sed
925 889 1008 915 erro
1026 876 1211 921 fortasse3
1241 887 1313 914 nec

180 938 311 969 tamen
339 931 372 969 is
399 944 501 979 sum,
525 939 569 969 ut
594 944 682 968 mea
705 943 770 968 me
794 930 966 969 maxime
990 930 1195 977 delectent)
1215 929 1314 968 nihil

180 986 280 1024 mihi
299 985 428 1024 videor
450 985 523 1024 hoc
552 986 654 1024 bello
681 985 839 1024 sensisse
861 985 1103 1036 prudentius.
1133 984 1215 1023 Cur
1243 997 1314 1022 au-

182 1046 262 1078 tem
293 1041 347 1078 ita
377 1040 439 1086 sit,
471 1039 720 1092 aperiendum
752 1052 829 1078 non
853 1047 923 1087 est,
954 1052 1004 1078 ne
1029 1039 1154 1090 magis
1182 1038 1315 1077 videar

181 1095 365 1146 providus
383 1094 516 1142 fuisse,
549 1107 669 1145 quarn
688 1101 832 1146 gratus.
863 1094 952 1133 Hoc
969 1094 1099 1146 ipsum
1118 1093 1311 1132 nimium=

182 1162 317 1201 quare,
338 1149 414 1188 alia
431 1149 641 1188 videamus.

237 1203 403 1243 Decimo
415 1205 542 1243 Bruto
555 1204 705 1243 decrevi
716 1204 906 1250 honorem
926 1203 1075 1244 decrevi
1090 1203 1139 1242 L.
1153 1203 1314 1242 Planco.

184 1257 375 1297 Praeclara
392 1260 461 1297 illa
480 1259 668 1320 quidem
657 1259 835 1320 ingenia,
841 1273 946 1324 quae
941 1259 1060 1310 gloria
1072 1258 1311 1302 invitantur3

183 1312 250 1351 sed
269 1321 422 1352 senatus
443 1314 558 1352 etiam
585 1314 749 1365 sapiens,
770 1313 852 1366 qui,
873 1327 951 1365 qua
969 1325 1164 1365 quemque
1182 1325 1223 1351 re
1239 1324 1314 1363 pu-

182 1374 253 1415 tat,
274 1368 391 1407 modo
409 1367 582 1416 honesta,
603 1368 652 1406 ad
674 1369 955 1420 rempublicam
971 1367 1185 1418 juvandam
1204 1378 1315 1419 posse

180 1420 337 1468 adduci,
367 1422 440 1461 hac
469 1423 602 1461 utitur.
632 1423 692 1461 At
717 1422 758 1460 in
789 1422 940 1475 Lepido
967 1420 1312 1474 reprehendimur,

182 1476 247 1514 cui
265 1489 355 1515 cum
367 1484 534 1515 statuam
550 1477 590 1516 in
607 1477 758 1516 Rostris
772 1477 1052 1525 statuissemus,
1067 1475 1186 1514 iidem
1204 1475 1315 1513 illam

184 1531 405 1570 evertimus.
443 1532 529 1570 Nos
561 1532 675 1570 illurn
705 1531 849 1570 honore
881 1531 1102 1569 studuimus
1132 1543 1156 1568 a
1184 1528 1316 1568 furore

183 1597 383 1624 revocare:
415 1585 506 1624 vicit
533 1586 702 1624 amentia
729 1585 914 1624 levissimi
945 1585 1114 1624 hominis
1143 1592 1315 1623 nostram

183 1639 430 1691 prudentiam
448 1654 458 1678 z
479 1652 550 1679 nec
569 1648 699 1678 tamen
717 1647 872 1678 tantum
890 1640 931 1678 in
951 1638 1154 1678 statuenda
1174 1636 1316 1690 Lepidi

184 1694 313 1731 statua
331 1694 476 1733 factum
497 1703 552 1733 est
569 1695 678 1740 mali,
692 1702 884 1746 quantum
902 1694 943 1731 in
962 1693 1166 1732 evertenda
1183 1693 1288 1731 boni.

240 1748 341 1787 Satis
356 1750 480 1786 multa
492 1749 539 1787 de
550 1749 758 1787 honoribus
770 1762 780 1786 :
798 1760 901 1786 nunc
913 1748 961 1786 de
971 1748 1216 1800 poenapauoe
1226 1754 1318 1786 sunt

185 1801 357 1841 dicenda.
389 1802 570 1842 Intellexi
590 1803 693 1841 enim
709 1815 757 1841 ex
771 1802 848 1841 tuis
868 1815 968 1854 saepe
986 1802 1119 1848 literis,
1139 1809 1192 1850 te,
1212 1801 1253 1839 in
1267 1801 1314 1840 iis

185 1870 282 1909 quos
300 1858 403 1896 bello
424 1858 607 1905 devicisti,
628 1857 873 1896 clementiam
901 1864 1011 1894 tuam
1037 1857 1134 1895 velle
1152 1855 1315 1894 laudari.

185 1911 382 1951 Existimo
397 1912 576 1964 equidem
595 1912 692 1949 nihil
706 1925 729 1950 a
749 1920 799 1958 te,
817 1911 891 1949 nisi
909 1911 1112 1963 sapienter.
1140 1909 1217 1950 Sed
1236 1922 1316 1949 sce-

185 1966 274 2004 leris
293 1980 418 2018 poenaa
408 1980 444 2004 ιι
465 1966 755 2028 praetermittere
786 1965 844 2009 (id
863 1965 966 2004 enim
985 1973 1055 2011 oet,
1079 1964 1184 2016 quod
1203 1977 1315 2003 voca-

186 2030 251 2059 tur
279 2021 384 2073 igno
373 2030 503 2068 cere),
539 2022 654 2063 etiam
689 2021 720 2058 si
745 2020 785 2057 in
809 2020 953 2058 caeteris
977 2021 1091 2058 rebus
1120 2018 1317 2057 tolerabile

186 2083 258 2122 εει,
291 2076 331 2113 in
361 2075 433 2114 hoc
456 2076 558 2114 bello
581 2074 838 2127 perniciosum
870 2082 979 2126 puto.
1007 2073 1179 2113 Nullum
1208 2073 1314 2112 enim

186 2130 335 2168 bellum
368 2130 478 2168 civile
496 2130 606 2168 fuit
596 2143 635 2168 ιιι
656 2129 786 2167 nostrii
814 2128 1013 2180 republica
1029 2128 1207 2166 omniurn
1225 2139 1315 2179 quae

185 2184 374 2223 memoria
392 2185 481 2223 mea
498 2184 669 2230 fuerunt,
682 2183 722 2221 in
737 2196 816 2235 quo
833 2183 936 2222 bello
950 2195 1043 2230 non,
1059 2189 1315 2233 utracumque

186 2251 275 2290 pars
294 2238 457 2287 vicisset,
478 2246 608 2278 tamen
627 2238 759 2290 aliqua
775 2237 901 2277 forma
919 2244 1016 2277 esset
1032 2236 1164 2277 sutum
1182 2235 1312 2288 reipu-
