1498 2401
309 95 395 136 AD
423 95 712 137 ATTICUM.
741 96 842 134 Lus.
873 93 994 134 XIV.
1030 97 1070 134 5.
1195 93 1268 131 181

61 195 71 203 ⁵
134 204 236 244 ticon
255 205 389 254 habes,
409 205 559 252 scribe;
590 206 651 245 sin
670 204 818 253 minus,
847 203 984 256 populi
1003 217 1270 252 επισημασιαν,

131 267 170 299 et
189 259 402 300 mimorum
420 260 538 310 dicta,
558 261 797 313 perscribito.
828 258 942 298 Piliae
956 264 995 297 et
1004 257 1150 297 Atticae
1168 257 1271 296 salu-

136 320 233 352 tem.

375 475 467 529 (4.)
495 474 710 518 CICERO
738 475 950 516 ATTICO
982 475 1022 515 s,

189 584 233 622 N
235 597 312 625 unc
325 586 420 638 quid
434 594 549 639 putas
560 600 624 626 me
640 587 810 625 Lanuvii
826 589 843 626 ?
873 585 929 624 At
944 599 1014 638 ego
1026 593 1064 624 te
1078 584 1161 624 istic
1176 599 1272 638 quo-

135 637 230 678 tidie
248 640 399 692 aliquid
417 641 508 680 novi
528 642 711 694 suspicor.
754 641 933 679 Tument
954 641 1132 691 negotia:
1163 653 1270 690 nam,

136 705 227 732 cum
248 694 415 745 Matius,
435 695 532 747 quid
560 709 688 735 censes
706 703 859 734 caeteros
877 698 894 734 ?
925 695 1122 747 Equidem
1147 695 1271 743 doleo,

135 748 259 799 (quod
270 761 473 802 nunquam
485 751 526 788 in
540 750 622 789 ulla
635 751 787 789 civitate
799 750 952 798 accidit)
969 762 1060 796 non,
1082 750 1162 788 una
1182 763 1272 789 cum

134 802 327 851 fibertate,
355 805 637 857 rempublicam
667 813 942 857 recuperatam.
982 804 1180 843 Horribile
1202 813 1272 852 est,

137 869 226 909 quae
250 858 475 910 loquantur,
496 874 584 912 quae
603 860 843 898 minitentur.
884 860 948 898 Ac
973 872 1103 898 vereor
1124 859 1276 898 Gallica

138 912 256 950 etiam
269 913 401 960 bella3
431 914 514 966 ipse
530 915 671 953 Sextus
687 928 765 966 quo
786 913 934 954 evadat.
963 914 1054 961 Sed,
1077 914 1209 952 omnia
1227 915 1276 953 li-

138 973 199 1005 cet
235 977 477 1018 concurrant,
517 967 611 1008 Idus
642 969 800 1008 Martiae
837 968 1094 1007 consolantur.
1139 969 1275 1008 Nostri

137 1028 268 1060 autem
290 1022 421 1073 η’ρωες,
437 1023 543 1075 quod
562 1037 630 1075 per
647 1024 749 1075 ipsos
769 1023 903 1062 confici
922 1023 1063 1075 potuit,
1083 1023 1276 1074 gloriosis-

138 1075 235 1115 sime
250 1076 508 1116 confecerunt.
537 1078 718 1130 Reliquae
732 1091 791 1117 res
810 1090 901 1130 opes
921 1085 959 1116 et
977 1077 1106 1129 copias
1126 1078 1275 1116 deside-

138 1138 240 1178 rant,
261 1145 358 1184 quas
373 1133 502 1172 nullas
513 1132 715 1171 habemus.

193 1186 293 1225 Haec
311 1199 381 1238 ego
401 1187 451 1225 ad
465 1195 517 1233 te,
538 1194 596 1235 ut,
618 1187 649 1225 si
664 1187 760 1239 quid
774 1187 878 1236 novi,
894 1187 1006 1239 (nam
1019 1186 1192 1239 quotidie
1204 1187 1274 1225 ali.

141 1240 238 1293 quid
256 1249 451 1292 exspecto)
474 1242 676 1280 confestim
708 1242 758 1280 ad
788 1255 875 1281 me:
908 1249 960 1288 et,
996 1241 1028 1279 si
1052 1241 1143 1280 novi
1162 1241 1275 1290 nihil,

137 1303 267 1334 nostro
291 1308 398 1334 more
417 1304 547 1335 tamen
567 1309 616 1335 ne
635 1297 831 1348 patiamur
856 1295 1060 1335 intermitti
1084 1295 1273 1336 literulas.

140 1349 341 1403 Equidem
359 1363 437 1390 non
453 1350 710 1390 committam.

386 1520 474 1571 (5.)
507 1520 725 1562 CICERO
754 1520 967 1560 ATTICO
999 1522 1039 1560 s.

197 1631 318 1684 Spero
331 1631 403 1670 tibi
417 1632 503 1682 jam
521 1644 617 1679 esse,
636 1638 682 1670 ut
700 1631 896 1678 volumus,
917 1627 1101 1680 quoniam
1118 1626 1277 1680 quidem

142 1701 343 1735 ησιτησας,
362 1699 452 1725 cum
482 1686 617 1726 leviter
650 1693 865 1724 commotus
899 1695 1022 1722 esses:
1054 1682 1120 1721 sed
1146 1691 1277 1720 tamen

141 1741 260 1780 velim
283 1741 390 1789 scire,
411 1740 507 1793 quid
537 1754 640 1793 agas.
681 1740 802 1792 Signa
829 1739 946 1786 bella,
972 1737 1078 1790 quod
1106 1735 1278 1777 Calvena

142 1795 303 1835 moleste
320 1795 407 1844 fert,
424 1809 463 1834 se
477 1803 699 1848 suspectum
718 1808 800 1833 esse
819 1795 956 1833 Bruto.
984 1793 1061 1831 Illa
1077 1792 1188 1843 signa
1199 1803 1278 1830 non

143 1853 260 1898 bona,
284 1849 317 1889 si
333 1863 425 1889 cum
448 1850 567 1902 signis
588 1850 758 1902 legiones
777 1849 938 1888 veniunt
955 1861 976 1886 e
996 1847 1137 1886 Gallia.
1169 1845 1280 1894 Quid

146 1913 190 1945 tu
211 1905 298 1944 illas
314 1912 430 1957 putas
449 1918 537 1957 quae
555 1905 713 1944 fuerunt
731 1905 774 1942 in
793 1902 1002 1955 Hispania,
1023 1913 1150 1941 nonne
1175 1901 1280 1940 idem

141 1959 432 2014 postulaturas'?
453 1959 562 2012 quid,
583 1973 680 2012 quas
697 1959 856 1998 Annius
875 1956 1175 2008 transportavit?
1205 1955 1282 1994 Ca-

145 2015 301 2054 ninium
320 2014 451 2061 volui3
473 2014 540 2053 sed
553 2029 763 2064 μνημονικον
783 2014 1000 2063 ἁμαρ-νημαι.
1027 2013 1096 2049 Ab
1116 2011 1280 2049 aleatore

147 2078 289 2121 φυρμος
306 2075 436 2112 πολυς.
465 2068 574 2108 Nam
592 2068 667 2107 ista
684 2067 843 2120 quidem
870 2066 1032 2105 Caesaris
1051 2066 1278 2104 libertorum

144 2122 361 2175 conjuratio
373 2122 486 2164 facile
503 2123 799 2176 opprimeretur,
819 2122 852 2161 si
870 2130 972 2160 recta
986 2127 1135 2172 saperet
1152 2120 1282 2158 Anto-

144 2191 247 2218 mus.

200 2233 340 2272 Meam
367 2234 528 2273 stultam
545 2232 830 2281 verecundiam,
851 2230 920 2283 qui
945 2230 1065 2282 legari
1090 2227 1283 2269 noluerim

200 2290 375 2343 (Epist.)
397 2299 505 2329 vor„
529 2299 602 2327 111.
980 2296 1009 2323 R
