1498 2401
330 102 414 142 AD
443 101 736 142 ATTICUM.
767 102 869 140 Iam.
895 99 1023 140 XIII.
1059 101 1126 137 50.
1235 98 1310 143 175

170 212 427 264 iquissimam,
448 225 512 251 me
534 212 718 251 Phameae
740 211 920 259 defuisse,
941 222 1031 250 cum
1045 210 1128 259 ejus
1147 220 1304 248 causam

167 267 392 318 recepissem
409 281 420 305 :
451 279 570 319 quam
590 267 748 319 quidem
768 278 986 318 receperam
1012 270 1144 303 contra
1161 275 1301 314 pueros

168 320 365 368 Octavios,
397 320 471 359 Cn.
496 321 608 368 filios,
635 333 714 360 non
735 321 925 359 libenter:
958 319 1023 357 sed
1045 325 1083 356 et
1113 316 1298 356 Phameae

165 374 280 413 causa
308 376 496 414 volebam.
530 375 628 414 Erat
646 375 765 420 enim,
787 375 819 413 si
843 372 1068 418 meministi,
1095 370 1136 409 in
1161 383 1299 410 consu-

166 429 266 468 latus
295 429 492 481 petitione,
520 443 587 481 per
612 437 648 468 te
673 430 772 467 mihi
791 428 997 481 pollicitus,
1030 426 1061 465 si
1084 425 1180 477 quid
1193 439 1297 477 -opus

165 490 286 522 esset:
317 484 423 536 quod
442 497 513 536 ego
531 484 688 535 perinde
707 485 856 531 tuebar,
873 496 916 521 ac
929 482 961 520 si
975 494 1069 520 usus
1088 492 1223 518 essem.
1257 481 1298 519 Is

165 537 216 575 ad
244 551 309 576 me
338 538 456 586 venit,
490 538 681 590 dixitque,
709 538 879 589 judicem
911 548 1067 589 operam
1101 534 1192 572 dare
1222 535 1296 574 sibi

164 592 404 632 constituisse
433 605 477 632 eo
505 592 568 631 die
592 593 689 645 ipso,
718 605 796 645 quo
821 592 869 630 de
895 591 1028 631 Sextio
1053 596 1182 628 nostro
1211 589 1297 641 lege

162 646 351 698 Pompeia
382 647 423 685 in
456 646 660 686 consilium
689 647 739 685 iri
767 659 918 685 necesse
948 652 1055 684 erat:
1087 643 1158 682 scis
1189 644 1294 683 enim

160 700 242 740 dies
253 701 411 740 illorum
422 702 657 751 judiciorum
669 702 903 754 praestitutos
915 700 1043 739 fuisse.
1074 698 1291 750 Respondi,

160 766 237 793 non
256 756 432 806 ignorare
450 769 555 806 eum,
575 756 670 808 quid
689 769 760 808 ego
786 756 965 794 deberem
984 753 1140 793 Sextio:
1172 766 1291 804 quem

158 810 285 859 vellet,
306 811 429 849 alium
448 810 551 849 diem
577 812 610 849 si
635 810 845 858 sumsisset,
875 823 940 848 me
968 808 1004 848 ei
1029 820 1107 846 non
1134 807 1292 846 defutu-

155 876 257 902 rum.
288 865 351 903 Ita
370 872 455 903 tum
474 864 540 903 ille
558 864 729 904 discessit
747 865 879 903 iratus.
910 864 1014 902 Puto
1032 875 1096 900 me
1115 861 1186 900 tibi
1203 874 1294 900 nar-

155 918 270 957 rasse.
301 919 395 958 Non
425 919 597 957 laboravi
621 920 777 965 scilicet,
808 931 878 957 nec
905 917 1073 957 hominis
1092 916 1208 954 alieni
1231 916 1292 954 in-

152 972 408 1022 justissimam
421 973 659 1012 iracundiam
671 973 770 1010 mihi
784 972 993 1011 curandam
1005 971 1151 1023 putavi.
1174 971 1292 1010 Gallo

156 1033 288 1066 autem
302 1028 468 1075 narravi,
489 1040 580 1065 cum
598 1026 775 1079 proxime
790 1027 929 1065 Romae
947 1026 1020 1073 fui,
1042 1025 1137 1077 quid
1155 1025 1288 1064 audis-

157 1094 268 1128 sem;
299 1094 424 1134 neque
457 1081 655 1119 nominavi
685 1081 857 1120 Balbum
894 1080 1096 1118 minorem.
1132 1079 1286 1118 Habuit

156 1148 271 1174 suum
303 1136 502 1188 negotium
536 1136 689 1183 Gallus,
723 1144 769 1174 ut
798 1134 939 1174 scribit.
966 1134 1037 1172 Ait
1065 1134 1194 1181 illum,
1221 1146 1286 1172 me

155 1190 277 1228 animi
302 1190 548 1238 conscientia,
569 1190 674 1242 quod
700 1189 916 1228 Phameam
935 1188 1205 1237 destituissem,
1235 1188 1285 1227 de

154 1256 195 1283 se
223 1245 419 1297 suspicari.
451 1244 584 1293 Quare
616 1244 688 1283 tibi
719 1244 904 1282 hactenus
940 1242 1099 1291 mando,
1133 1242 1181 1280 de
1213 1242 1283 1282 illo

153 1305 296 1349 nostro,
317 1299 349 1338 si
368 1299 464 1351 quid
481 1298 637 1350 poteris,
659 1298 863 1350 exquiras:
895 1297 943 1336 de
961 1311 1025 1336 me
1043 1310 1092 1335 ne
1111 1296 1206 1349 quid
1224 1297 1282 1335 la-

151 1354 273 1392 boras.
302 1353 376 1392 Est
395 1353 558 1402 bellum,
590 1353 760 1405 aliquem
777 1353 943 1391 libenter
961 1352 1111 1397 odisse:
1143 1364 1280 1404 quem-

150 1407 362 1446 admodum
395 1420 472 1446 non
502 1408 684 1446 omnibus
721 1407 870 1446 servire.
906 1406 1007 1454 Etsi,
1046 1406 1279 1454 mehercule,

150 1464 213 1505 (ut
243 1468 286 1500 tu
305 1462 506 1514 intelligis)
534 1462 658 1514 magis
680 1461 781 1501 mihi
810 1461 872 1501 isti
891 1462 1075 1511 serviunt,
1100 1460 1131 1500 si
1150 1461 1281 1500 obser-

151 1528 239 1556 vare
256 1516 396 1557 servire
410 1524 476 1556 est.

374 1684 486 1733 (50.)
515 1682 732 1725 crcERo
761 1682 980 1723 ATT1co
1009 1683 1050 1724 s.

200 1792 440 1832 Admonitus
451 1794 686 1846 quibusdam
701 1793 777 1833 tuis
794 1793 929 1842 literis,
949 1800 995 1832 ut
1012 1792 1062 1832 ad
1081 1791 1275 1832 Caesarem

145 1847 338 1887 uberiores
355 1848 483 1887 literas
500 1849 653 1888 mittere
670 1848 926 1896 instituerem,
954 1860 1046 1887 cum
1063 1847 1162 1886 mihi
1180 1848 1278 1886 Bal-

145 1903 220 1941 bus
238 1914 362 1954 nuper
379 1902 421 1941 in
441 1902 647 1942 Lanuvino
665 1903 836 1951 dixisset,
850 1915 890 1942 se
905 1909 942 1941 et
961 1901 1140 1954 Oppium
1160 1901 1278 1954 scrip-

145 1956 239 1995 sisse
257 1957 307 1994 ad
320 1955 527 2006 Caesarem,
543 1970 607 1996 me
624 1958 762 2010 legisse
778 1957 897 1996 libros
916 1964 1048 1996 contra
1069 1955 1276 2004 Catonem,

145 2017 185 2049 et
202 2011 446 2050 vehementer
463 2011 668 2063 probasse:
699 2011 903 2063 conscripsi
917 2011 965 2050 de
978 2010 1040 2049 his
1057 2010 1150 2062 ipsis
1168 2009 1277 2049 libris

147 2064 350 2116 epistolam
379 2065 537 2115 Caesari,
567 2080 655 2119 quae
685 2066 894 2105 deferretur
919 2065 969 2104 ad
996 2064 1274 2104 Dolabellam:

148 2119 215 2157 sed
240 2120 324 2169 ejus
358 2121 582 2172 exemplum
606 2120 696 2160 misi
721 2120 771 2159 ad
797 2119 977 2172 Oppium
1007 2126 1045 2157 et
1075 2119 1274 2163 Balbum:

147 2174 358 2227 scripsique
375 2174 425 2213 ad
444 2187 521 2224 eos,
550 2182 596 2214 ut
614 2182 700 2214 tum
718 2174 857 2214 deferri
876 2173 927 2213 ad
946 2173 1193 2212 Dolabellam
1209 2173 1276 2222 ju-

144 2228 277 2268 berent
310 2241 416 2269 meas
448 2229 593 2279 literas,
619 2229 650 2269 si
678 2229 753 2283 ipsi
774 2228 1008 2281 exemplum
1037 2226 1274 2280 probassent.
