1498 2401
340 105 426 144 AD
454 103 740 145 ATTICUM.
770 105 872 144 Lm.
901 105 1029 145 XIII.
1059 106 1127 152 47.
1213 107 1290 152 173

164 214 307 255 ralius:
337 227 378 253 se
407 213 517 264 enim·
549 214 680 252 statim
716 213 767 252 ad
786 212 999 255 ,Caesarem
1036 214 1268 266 scripturum
1284 230 1296 254 ε

167 269 354 310 Cluvium
372 275 504 307 autem
523 281 547 307 a
573 267 624 308 T.
642 268 867 307 Hordeonio
893 269 1021 320 legare
1046 277 1084 308 et
1104 269 1298 308 Terentiae

167 324 240 363 HS
271 322 433 370 ΙΟΟΞ),
461 330 498 361 et
520 323 709 375 sepulcro,
740 322 953 374 multisque
977 325 1119 369 rebus;
1149 323 1248 361 nihil
1276 337 1301 362 a

165 377 290 417 nobis.
319 379 552 426 Subacmsa,
584 390 729 429 quaeso,
761 377 998 416 Vestorium.
1026 378 1135 426 Quid
1169 378 1300 417 minus

166 432 427 485 probandum,
454 444 575 484 quam
593 431 769 470 Plotium
795 432 1098 483 unguentarium
1117 445 1185 484 per
1213 445 1301 471 suos

167 500 308 540 pueros
333 487 465 525 omnia
491 493 599 525 tanto
627 494 716 524 ante
741 486 898 532 Ba1b0;
927 486 1042 524 illum
1068 489 1126 524 mi
1156 499 1205 525 ne
1233 500 1302 538 per

168 554 275 581 meos
294 541 453 594 quidem
467 543 485 580 Ρ
516 540 581 579 De
600 540 775 579 Cossinio
795 541 905 579 doleo
922 555 931 578 ι
954 540 1072 579 dilexi
1086 541 1299 579 hominem.

170 596 323 645 Quinto
340 595 540 647 delegabO,
571 595 604 634 si
628 595 724 647 quid
750 595 815 634 aeri
834 608 921 634 meo
947 595 1071 634 alieno
1091 595 1303 647 superabit,

172 658 210 689 et
229 650 489 697 emtionibus3
521 663 569 689 ex
589 650 731 701 quibus
749 653 807 688 mi
834 650 950 688 etiam
978 663 1027 688 aes
1046 649 1217 688 alienum
1246 649 1304 688 fa-

172 704 356 744 ciendum
378 712 486 754 puto.
517 704 581 744 De
601 704 717 743 domo
736 704 893 756 Arpini,
914 704 1012 742 nihil
1033 704 1120 742 scio.

226 759 450 798 Vestorium
469 759 570 797 nihil
589 766 644 798 est
663 758 768 810 quod
787 771 949 798 accuses.
995 758 1023 796 J
1027 771 1087 796 aiii
1111 759 1213 796 enim
1235 760 1303 796 ob-

173 812 325 865 signata
348 813 422 852 hac
444 814 621 865 epistola,
636 821 764 857 ⁴noctu
790 813 1012 852 tabellarius
1038 820 1166 851 noster
1184 814 1302 858 venir,

173 874 212 905 et
240 869 289 907 ab
317 881 362 906 eo
386 867 516 906 literas
540 868 742 919 diligenter
760 867 916 920 scriptas
941 867 1085 916 attulit,
1112 874 1149 906 et
1175 880 1305 906 exeni-

173 922 286 973 plum
303 923 534 962 testamenti.

397 1085 510 1139 (47.)
541 1085 760 1127 cronno
791 1085 1015 1125 ATT1co
1045 1086 1086 1124 s,

235 1196 491 1247 Posteaquam
521 1198 550 1219 “
564 1197 633 1234 abs
651 1203 689 1234 te
710 1195 999 1247 Agamemno,'’
1027 1206 1105 1233 non
1137 1196 1164 1217 “
1180 1202 1225 1232 ut
1245 1208 1309 1233 ve-

180 1249 349 1298 nirem,’'
380 1251 492 1302 (nam
520 1250 561 1288 id
587 1264 742 1302 quoque
771 1250 959 1297 fecissem,
986 1249 1061 1287 nisi
1085 1249 1311 1301 Torquatus

180 1303 296 1354 esset)
328 1305 395 1343 sed
422 1311 468 1342 ut
493 1304 711 1352 scriberem,
744 1304 953 1355 “tetigit,‘’
985 1303 1130 1352 omnia,
1158 1317 1246 1355 quae
1270 1304 1312 1341 in

181 1359 362 1398 manibus
390 1359 598 1407 habebam,
620 1360 772 1409 abjeci,
762 1374 772 1382 -
804 1358 909 1409 quod
936 1359 1120 1407 jusseras,
1151 1358 1312 1397 edolavi.

183 1412 264 1460 Tu,
281 1413 414 1461 velim,
436 1426 456 1451 e
478 1413 623 1452 Pollice
642 1426 846 1474 cognoscas
864 1413 1028 1451 rationes
1046 1420 1194 1450 nostras
1209 1425 1315 1450 sum-

185 1467 352 1506 tuarias:
383 1475 497 1520 turpe
516 1475 572 1506 est
595 1468 698 1506 enim
717 1468 841 1514 nobis,
862 1467 991 1514 illum,
1021 1467 1316 1519 qualiscumque

186 1529 256 1570 est,
277 1522 350 1560 hoc
377 1522 504 1574 primo
528 1534 630 1561 anno
650 1536 786 1574 egere:
817 1530 904 1574 post
922 1521 1210 1560 moderabimur
1229 1521 1316 1559 dili-

184 1576 350 1628 gentius.
381 1576 495 1615 Idem
511 1576 649 1615 Pollex
668 1576 921 1616 remittendus
941 1583 1010 1624 est,
1031 1584 1077 1614 ut
1094 1576 1159 1615 ille
1174 1583 1316 1614 cernat.

244 1631 367 1669 Plane
386 1631 568 1671 Puteolos
586 1644 664 1670 non
683 1632 760 1670 fuit
779 1631 967 1679 eundum,
989 1643 1079 1669 cum
1098 1632 1147 1669 ob
1167 1644 1210 1668 ea
1230 1644 1318 1682 quae

189 1685 240 1724 ad
257 1692 296 1724 te
314 1685 460 1738 scripsi,
480 1693 567 1725 tum
587 1686 693 1737 quod
714 1686 844 1726 Caesai·
858 1685 975 1724 adest.
1005 1684 1211 1724 Dolabella
1230 1685 1320 1724 scri-

188 1740 248 1779 bit
276 1752 316 1778 se
346 1741 396 1779 ad
426 1753 491 1780 me
514 1741 698 1793 postridie
723 1741 831 1780 Idus.
862 1740 901 1779 O
927 1740 1159 1792 magistrum
1180 1740 1320 1778 moles-

190 1794 303 1833 tum!

250 1847 426 1900 Lepidus
452 1849 503 1888 ad
531 1861 596 1888 me
613 1849 697 1889 heri
721 1849 869 1901 vesperi
886 1849 1015 1888 literas
1044 1848 1152 1887 misit
1171 1848 1319 1887 Antio:

196 1916 289 1942 nam
309 1903 364 1941 ibi
382 1910 488 1943 eratz
518 1903 635 1943 habet
665 1905 769 1943 enim
792 1905 969 1951 domum,
996 1916 1115 1955 quam
1145 1916 1214 1941 nos
1233 1915 1326 1941 ven-

196 1957 395 1996 didimus:
426 1965 536 2010 rogat
558 1971 806 2011 magnopere,
833 1966 878 1997 ut
907 1958 981 1997 sim
1001 1957 1183 1997 Calendis
1207 1957 1247 1994 in
1268 1970 1325 1995 se-

198 2019 320 2057 natu,
309 2026 319 2035 ·
349 2024 414 2050 me
432 2020 470 2051 et
495 2012 566 2051 sibi
586 2021 623 2052 et
646 2013 789 2052 Caesari
807 2013 1053 2051 vehementer
1070 2020 1226 2063 gratum
1246 2024 1327 2049 esse

197 2065 404 2104 facturum.
433 2067 537 2105 Puto
562 2068 742 2119 equidem
767 2067 867 2106 nihil
896 2080 1000 2106 esse.
1033 2066 1191 2105 dixisset
1223 2065 1327 2104 enim

199 2120 272 2159 tibi
301 2120 459 2160 fortasse
489 2121 638 2174 aliquid
668 2122 848 2175 Oppius3
877 2121 1063 2174 quoniam
1088 2121 1239 2158 Balbus
1272 2126 1330 2157 est

203 2188 316 2226 aeger.
345 2175 422 2215 Sed
445 2182 577 2215 tamen
605 2177 742 2215 malim
761 2177 890 2216 venire
907 2176 1062 2223 frustra,
1082 2187 1202 2227 quam
1229 2173 1328 2212 desi-

204 2229 342 2279 derari,
364 2230 396 2269 si
411 2243 509 2283 opus
528 2238 651 2271 esset:
684 2231 844 2271 moleste
855 2230 995 2270 ferrem
1014 2236 1155 2281 postea.
1186 2227 1327 2280 Itaque

976 2295 1006 2324 Q
1029 2285 1055 2322 3
