1498 2401
353 84 438 130 AD
465 84 754 126 ATTICUM.
785 88 885 127 Lm.
907 88 1033 129 XIII.
1064 91 1129 129 29.
1232 91 1302 130 161

177 195 337 244 literas),
353 194 423 233 etsi
441 194 562 234 invito
579 207 657 244 me,
677 204 807 236 tamen
821 197 955 236 eodem
971 210 1035 236 me
1047 206 1199 238 auctore
1217 213 1307 252 pro-

179 249 299 289 fectus
318 256 386 288 oet.
415 249 506 289 Hoc
524 262 645 288 manu
661 251 762 290 mea.

396 359 510 407 (29.)
548 356 764 398 CICERO
793 359 1017 400 ATTICO
1046 362 1086 400 S.

232 465 338 507 Cum
356 465 465 518 quasi
484 466 578 506 alias
596 481 655 506 res
673 481 884 520 quaererem
899 468 947 507 de
963 469 1168 521 philologis
1187 483 1208 509 e
1227 471 1266 509 N
1271 471 1303 509 i-

175 520 250 570 cia„
269 520 475 560 incidimus
496 521 537 559 in
563 522 748 560 Talnam.
779 523 854 561 Ille
879 523 926 561 de
948 524 1102 574 ingenio
1126 524 1225 562 nihil
1243 526 1304 563 ni-

175 575 277 622 mis;
305 574 525 614 modestum
539 583 577 614 et
594 576 711 627 frugi.
741 577 817 616 Sed
831 577 903 616 hcc
928 577 1027 615 mihi
1046 590 1122 616 non
1143 579 1299 629 placuit.

175 630 226 669 Se
258 629 351 668 scire
381 629 521 679 aiebat,
549 632 599 669 ab
629 644 674 670 eo
700 643 824 683 nuper
853 633 1012 683 petitam
1042 632 1302 681 Cornificiam,

173 683 316 733 Quinti
328 683 464 731 filiam,
477 685 647 724 vetulam
660 698 764 733 sane,
775 692 812 724 et
824 687 1036 724 multarum
1049 687 1273 739 nuptiarum
1287 703 1297 726 ε

172 749 251 777 non
269 751 349 777 esse
373 739 580 790 probatum
604 740 844 789 mulieribus,
866 741 971 793 quod
995 741 1049 779 ita
1075 742 1297 793 reperirent,

171 803 256 832 rem
273 804 353 832 non
369 793 556 843 majorem
576 793 737 833 DCCC.
766 794 853 833 Hoc
871 796 1005 846 putavi
1018 802 1054 834 te
1073 796 1166 835 scire
1185 809 1298 849 opor-

169 852 262 886 tere.

222 901 288 941 De
314 900 450 950 hortis,
477 915 526 941 ex
551 902 627 941 tuis
651 903 770 942 literis
796 903 970 952 cognovi,
998 911 1036 942 et
1064 903 1295 957 Chrysippo.

168 957 220 995 In
250 955 357 1004 villa,
384 957 494 1006 cujus
517 957 773 996 insulsitatem
802 959 899 995 bene
928 960 1079 1006 notam,
1107 959 1217 997 video
1238 960 1298 998 ni-

167 1010 239 1059 hil,
259 1017 327 1049 aut
345 1023 468 1062 pauca
489 1018 649 1050 mutata.
679 1010 885 1050 Balnearia
904 1018 1034 1051 tamen
1062 1013 1194 1051 laudat
1212 1026 1297 1053 ma-

163 1066 277 1115 jora:
307 1064 355 1103 de
384 1064 597 1104 minoribus
621 1067 673 1104 ait
698 1066 858 1104 hiberna
888 1066 984 1104 effici
1009 1080 1130 1118 posse.
1174 1068 1295 1107 Tecta

165 1120 286 1171 igitur
304 1119 635 1158 ambulatiuncula
646 1120 820 1159 addenda
833 1127 887 1158 est
903 1135 911 1158 ε
945 1134 1063 1172 quam
1084 1130 1126 1160 ut
1145 1128 1293 1161 tantam

166 1174 368 1222 faciamus,
389 1181 575 1225 quantam
600 1174 642 1212 in
660 1175 884 1213 Tusculano
903 1174 1077 1224 fecimus,
1097 1189 1217 1228 prope
1236 1177 1295 1215 di-

167 1228 289 1267 midio
318 1228 478 1266 minoris
512 1230 699 1268 constabit
728 1229 801 1267 isto
833 1229 928 1267 loco.
974 1229 1045 1267 Ad
1075 1230 1115 1267 id
1147 1238 1292 1281 autem,

166 1282 274 1336 quod
292 1283 486 1331 volumus,
509 1282 707 1333 αφιδρυμα,
725 1283 824 1321 nihil
842 1283 969 1334 aptius
987 1284 1152 1331 videtur,
1174 1298 1294 1336 quam

163 1337 292 1385 lucus,
323 1349 442 1388 quem
467 1349 538 1388 ego
569 1339 730 1376 noram:
766 1337 832 1376 sed
857 1338 1115 1377 celebritatem
1141 1340 1289 1378 nullam

86 1409 89 1414 ·
161 1400 251 1432 tum
261 1391 451 1430 habebat:
472 1403 577 1430 nunc
590 1391 705 1431 audio
718 1392 946 1430 maximam.
977 1393 1089 1430 Nihil
1106 1401 1174 1438 est,
1189 1394 1294 1445 quod

160 1459 237 1499 ego
253 1445 403 1484 malim.
433 1445 566 1484 Inhoc
582 1461 641 1483 τον
654 1455 763 1497 τυζον
776 1462 842 1495 μου
859 1461 948 1497 προς
962 1449 1052 1485 Ξεων
1066 1457 1292 1499 τροποζορῃ..

169 1517 246 1541 σον.

217 1555 435 1607 Reliquum
454 1561 523 1604 est,
544 1555 577 1593 si
605 1554 790 1594 Faberius
815 1555 926 1594 nobis
944 1567 1086 1594 nomen
1105 1555 1204 1594 illud
1223 1569 1291 1596 ex-

158 1610 296 1663 plicat,
315 1609 396 1648 noli
414 1622 597 1661 quaerere,
624 1609 772 1660 quanti.
810 1609 1009 1649 Othonem
1029 1610 1171 1657 vineas,
1192 1612 1291 1650 volo.

166 1666 210 1705 Ν
211 1678 253 1704 ec
271 1671 400 1703 tamen
411 1663 669 1702 insaniturum
683 1663 797 1702 illum
811 1672 906 1716 puto
920 1679 930 1702 ε
952 1666 1063 1703 nosse
1075 1665 1177 1703 enim
1192 1666 1290 1704 mihi

159 1718 364 1759 hominem
388 1718 530 1758 videor.
560 1719 623 1758 Ita
640 1718 742 1757 male
761 1726 893 1757 autem
921 1718 1035 1757 audio
1053 1719 1183 1770 ipsum
1211 1733 1291 1759 esse

161 1780 385 1821 tractatum,
422 1779 468 1812 ut
498 1772 597 1811 mihi
625 1772 692 1811 ille
724 1780 848 1811 emtor
878 1785 958 1812 non
990 1786 1070 1811 esse
1101 1774 1288 1813 videatur.

159 1828 276 1878 Quid
302 1828 407 1867 enim
420 1829 439 1866 Ρ
467 1830 694 1879 pateretur?
723 1827 801 1867 Sed
825 1827 920 1880 quid
945 1831 1226 1879 argumentor?
1257 1829 1290 1867 si

161 1882 426 1924 Faberianum
450 1882 632 1934 explicas,
657 1894 834 1921 emamus
852 1883 913 1921 vel
939 1894 1106 1933 magno:
1139 1882 1196 1920 sin
1215 1883 1290 1920 mi-

158 1949 250 1989 nus,
269 1950 319 1976 ne
335 1949 455 1989 parvo
473 1936 632 1988 quidem
650 1949 866 1988 possumus.
895 1936 1074 1976 Clodiam
1090 1936 1235 1988 igitur-3
1265 1950 1289 1976 a

161 1993 243 2050 qu'a
270 1991 355 2045 ips'a
387 1992 438 2030 ob
469 2003 556 2030 eam
585 2003 741 2030 causam
774 2004 924 2043 sperare
941 1991 1085 2039 videor,
1116 1991 1222 2043 quod
1251 1998 1289 2029 et

160 2049 288 2090 multo
304 2045 465 2085 minoris
484 2052 588 2095 sunt,
609 2052 648 2084 et
671 2045 888 2085 Dolabellae
904 2058 1046 2084 nomen
1063 2047 1146 2096 jam
1171 2058 1288 2097 expe-

160 2106 288 2145 ditum
314 2100 479 2148 videtur,
512 2107 557 2138 ut
584 2099 700 2138 etiam
723 2100 1056 2152 repraesentatione
1083 2099 1285 2139 confidam.

160 2161 226 2201 De
241 2155 362 2197 hortis
381 2155 483 2193 satis.
514 2154 610 2194 Cras
623 2161 691 2193 aut
710 2162 761 2200 te,
775 2162 843 2193 aut
861 2167 1014 2194 causam
1032 2169 1049 2214 :—
1065 2167 1182 2206 quam
1199 2154 1288 2207 qui-

162 2216 251 2256 dem
270 2212 444 2252 futuram
463 2209 729 2248 Faberianam.
771 2209 859 2252 Sed.v
881 2209 913 2248 si
932 2217 1082 2300 potgns.

946 2275 968 2301 r
990 2288 999 2299 .
