1477 2365
365 409 438 458 M.
472 408 705 457 TULLII
743 406 1101 457 CICERONIS

451 547 946 602 EPISTOLARU
957 547 1019 600 M

538 695 622 734 AD
650 694 928 735 ATTICUM

615 824 771 863 ann
793 823 848 863 X.

658 965 809 997 -4-

507 1094 807 1134 ARGUMEN
811 1094 954 1135 TUM.

171 1204 540 1244 ARGUMENTUM
570 1203 675 1242 idem
698 1203 777 1242 fere
805 1211 861 1243 est
879 1202 969 1242 libri
987 1203 1106 1254 hujus
1132 1211 1169 1243 et
1187 1217 1302 1257 supe-

173 1258 306 1297 rioris:
338 1257 578 1311 querimonia
607 1258 654 1296 de
686 1258 844 1310 perditis
872 1257 1033 1297 Caesaris
1055 1266 1093 1297 et
1122 1259 1301 1311 Pompeii

172 1312 361 1352 oonsihis:
394 1312 573 1351 Curionis
603 1324 842 1363 congressus,
871 1313 1112 1364 propraetoris
1140 1313 1181 1351 in
1205 1314 1301 1352 Sici-

173 1366 268 1406 liam
285 1366 570 1419 proficiscentis,
586 1366 769 1419 largeque
784 1375 821 1405 et
838 1366 1045 1405 liberaliter
1063 1367 1111 1405 de
1131 1380 1202 1406 sua
1217 1367 1302 1406 Cae-

175 1421 347 1473 satisque
365 1421 406 1459 in
433 1420 658 1461 Ciceronem
678 1421 874 1460 voluntate
892 1421 1131 1473 pollicentis:
1163 1421 1304 1469 Quinti

171 1475 244 1514 filii
255 1476 390 1523 scelus,
405 1476 576 1515 Romam
588 1475 760 1527 profecti,
772 1475 979 1527 Hirtioque
990 1484 1074 1514 tum
1086 1476 1206 1528 patris
1218 1484 1304 1514 tum

174 1530 303 1583 patrui
321 1530 526 1569 excedendi
542 1530 698 1569 consilia
715 1530 918 1569 indicantis
935 1545 946 1568 ι
979 1530 1215 1577 deliberatio,
1236 1544 1300 1577 an,

177 1598 265 1637 quae
294 1584 333 1622 in
363 1585 561 1637 Hispania
591 1592 787 1635 gerantur,
821 1584 1121 1636 exspectandum
1153 1585 1215 1633 sit,
1254 1585 1304 1623 ad

178 1638 284 1691 quod
302 1646 340 1678 et
358 1639 419 1677 sui
438 1647 475 1678 et
500 1639 615 1677 multi
634 1639 700 1676 alii
718 1639 997 1677 hortabantur:
1029 1639 1190 1678 Caesaris
1219 1639 1305 1678 lite-

178 1705 246 1742 rae,
277 1705 326 1732 ne
354 1707 432 1746 quo
461 1693 742 1746 progrediatur,
765 1693 983 1732 monentis:
1016 1693 1141 1741 Coelii,
1171 1701 1216 1731 ut
1235 1693 1305 1732 ali-

180 1747 286 1799 quod
317 1748 503 1800 oppidum
539 1747 668 1799 eligat,
703 1760 869 1786 vacuum
902 1761 926 1786 a
956 1748 1072 1797 bello,
1104 1748 1301 1799 rogantis·

177 1802 358 1852 Antonii,
389 1803 462 1840 id
452 1815 596 1854 lpsum,
621 1809 659 1840 et
686 1802 916 1840 mandatum
941 1802 1014 1841 sibi
1042 1777 1305 1853 significantis,

179 1867 228 1895 ne
247 1869 365 1908 quem
384 1857 500 1895 Italia
519 1856 698 1895 excedere
716 1856 940 1908 permittat:
974 1869 1196 1908 congressus
1215 1869 1305 1895 cum

180 1910 311 1949 Servio
341 1912 538 1963 Sulpicio:
569 1911 664 1962 fuga
697 1911 868 1957 Catonis,
893 1924 941 1949 ex
972 1910 1102 1950 Sicilia
1128 1910 1169 1948 in
1194 1911 1307 1949 Afri-

176 1977 264 2003 cam
302 1965 621 2004 transmittentis:
664 1965 823 2003 firmum
860 1965 1100 2017 propositum
1137 1965 1307 2016 proficis-

178 2019 304 2068 cendi,
334 2020 507 2071 primum
526 2019 687 2068 occulte,
714 2027 846 2070 postea
863 2020 1006 2072 palam.
1037 2019 1198 2071 Scriptae
1216 2026 1306 2057 sunt

180 2073 351 2125 epistolae
379 2087 428 2113 ex
450 2082 538 2113 ante
568 2074 672 2113 diem
696 2073 765 2112 ΙΙΙ
786 2075 891 2113 Non.
918 2074 1091 2126 Apriles,
1123 2073 1172 2112 ad
1198 2073 1307 2112 XIV

183 2127 373 2167 Calendas
402 2129 558 2177 Junias,
580 2129 670 2180 plus
694 2129 824 2168 minus
838 2143 850 2167 ε
880 2129 1030 2177 iisdem,
1061 2130 1108 2167 L.
1130 2127 1309 2167 Cornelio

186 2180 370 2232 Lentulo,
392 2183 437 2223 C.
459 2183 622 2223 Claudio
644 2183 846 2233 Marcello,
876 2183 981 2223 Coss.
