1487 2432
211 110 236 145 2
420 106 504 147 AD
532 105 819 146 ATTICUM.
850 105 1044 164 IaxssfflX.
1078 106 1112 143 1.

211 215 268 254 sio
288 212 354 252 IX
375 215 461 253 Cal.
477 214 668 266 profectus
694 221 774 252 erat
795 212 964 259 Cnaeus3
994 214 1075 251 haec
1095 220 1224 251 autem
1244 211 1333 251 scri-

211 271 351 308 bebam
369 269 491 320 pridie
511 269 660 315 Nonas,
686 267 793 306 XIV
812 268 873 305 die
891 274 1097 318 postquam
1116 267 1182 304 ille
1202 266 1334 304 Canu-

213 323 268 361 sio
293 322 510 372 moverat);
540 329 669 360 tamen
701 323 868 372 angebar
894 321 1133 372 singularum
1151 321 1334 358 horarum

214 376 494 428 exspectatione
511 390 521 413 t
557 376 816 427 mirabarque,
848 373 946 412 nihil
979 375 1140 412 allatum
1173 387 1252 412 esse
1287 385 1336 412 ne

214 430 380 469 rumoris
399 430 556 481 quidem
575 443 585 467 ε
616 441 708 466 nam
727 436 806 467 erat
824 428 969 466 mirum
989 427 1197 466 silentium.

269 484 344 523 Sed
376 483 458 522 haec
489 484 645 522 fortasse
674 482 891 520 κευοσπουδα
922 490 1012 520 sunt
1029 497 1038 519 ι
1085 495 1172 532 quae
1204 488 1335 519 tamen

211 539 295 589 jam
325 537 505 584 sciantur,
532 549 681 575 necesse
706 543 773 574 est.
805 534 910 573 Illud
934 535 1155 583 molestum,
1182 548 1246 574 me
1268 535 1336 572 ad-

213 593 290 631 huc
318 591 545 642 investigare
566 603 644 630 non
668 602 790 641 posse,
821 589 889 627 ubi
915 590 962 627 P.
987 589 1178 627 Lentulus
1211 597 1339 627 noster

215 646 276 693 sit,
296 645 366 683 ubi
384 644 593 683 Domitius.
623 643 768 691 Quaero
793 650 937 695 autem,
968 656 1045 694 quo
1071 642 1220 681 facilius
1245 643 1338 681 scire

214 699 372 751 possim,
388 698 483 750 quid
501 698 622 736 acturi
636 698 711 736 sint
727 711 739 742 ;
769 696 909 734 iturine
932 696 981 735 ad
998 696 1256 747 Pompeium;
1287 703 1337 744 et,

215 753 248 791 si
267 760 369 799 sunt,
385 751 463 804 qua
481 751 681 803 quandove
694 750 785 788 ituri
800 750 886 788 sint.
918 751 1065 788 Urbem
1085 749 1242 800 quidem
1253 751 1336 799 jam

215 806 393 845 refertam
427 818 506 844 esse
535 805 782 856 optimatium
814 803 928 841 audio
944 817 956 849 ;
996 803 1150 842 Sosium
1184 812 1222 842 et
1253 804 1340 842 Lu-

216 873 313 911 pum
336 862 450 912 (quos
476 858 616 897 Cnaeus
634 866 762 896 noster
787 865 875 895 ante
893 859 1057 909 putabat
1083 857 1339 896 Brundisium

216 924 395 952 venturos
415 925 507 959 esse,
523 925 642 963 quam
662 911 718 961 se)
737 913 801 959 jus
821 911 956 949 dicere.
990 911 1095 948 Hinc
1116 923 1203 949 vero
1222 912 1341 962 vulgo

216 967 374 1005 vadunt.
404 966 535 1004 Etiam
556 966 619 1003 Μ’
636 964 823 1016 Lepidus,
845 977 1010 1015 quocum
1028 964 1131 1002 diem
1150 972 1340 1003 conterere

216 1021 399 1066 solebam,
420 1033 500 1058 cras
519 1019 721 1068 cogitabat.

274 1074 358 1112 Nos
388 1080 518 1111 autem
547 1072 589 1109 in
615 1072 822 1110 Formiano
843 1073 1104 1119 morabamur,
1128 1085 1206 1123 quo
1231 1072 1342 1111 citius

218 1127 438 1166 audiremus
456 1141 466 1163 z
497 1125 633 1163 deinde
664 1126 853 1177 Arpinum
872 1126 1117 1164 volebamus:
1147 1126 1250 1174 inde,
1270 1127 1343 1165 iter

221 1182 300 1233 qua
332 1180 502 1219 maxime
533 1194 780 1220 maman-tow
805 1186 900 1217 esset
919 1179 968 1217 ad
998 1180 1112 1217 BIare
1131 1180 1340 1232 Superum,

219 1234 387 1282 remotis,
409 1233 486 1271 sive
505 1232 662 1271 omnino
676 1232 816 1280 missis,
835 1232 1042 1272 lictoribus.
1073 1234 1204 1272 Audio
1223 1234 1341 1282 enim,

219 1289 329 1328 bonis
343 1288 445 1334 viris,
467 1287 536 1338 qui
551 1293 588 1324 et
600 1298 703 1324 nunc
716 1294 754 1324 et
771 1299 871 1338 saepe
882 1294 994 1324 antea
1007 1299 1150 1338 magno
1165 1288 1342 1339 praesidio

219 1341 441 1394 reipublicae
459 1341 631 1387 fuerunt,
658 1339 757 1378 hanc
776 1340 1054 1378 cunctationem
1074 1349 1244 1379 nostram
1262 1354 1340 1380 non

220 1396 386 1448 probari,
406 1394 608 1445 multaque
626 1394 667 1431 in
686 1407 750 1431 me
769 1401 806 1431 et
823 1406 964 1443 severe,
984 1394 1024 1432 in
1044 1395 1224 1434 conviviis
1243 1402 1342 1434 tem-

220 1449 373 1503 pestivis
393 1448 564 1500 quidem,
584 1447 782 1498 disputari.

279 1502 473 1542 Cedamus
491 1501 609 1552 igitur
625 1515 636 1546 ς
668 1509 718 1547 et,
739 1508 783 1539 ut
799 1501 891 1540 boni
909 1501 1007 1540 cives
1033 1502 1168 1550 simus,
1188 1503 1337 1542 bellum

222 1557 347 1596 Italiae
366 1556 465 1594 terra
483 1555 658 1606 marique
676 1555 900 1603 inferamus,
921 1562 958 1594 et
976 1556 1063 1595 odia
1074 1557 1341 1608 improborum

221 1623 352 1649 rursus
370 1609 411 1647 in
430 1622 512 1656 nos,
534 1622 621 1660 quae
635 1609 718 1657 jam
738 1609 922 1648 exstincta
940 1618 1060 1658 erant,
1076 1610 1342 1660 incendamus,

223 1672 262 1703 et
281 1663 435 1703 Lucceii
454 1663 609 1701 consilia
623 1675 666 1701 ac
679 1662 909 1714 Theophani
919 1676 1204 1715 persequamur.
1233 1665 1342 1703 Nam

224 1718 362 1769 Scipio
378 1718 439 1755 vel
467 1717 508 1754 in
537 1716 689 1767 Syriam
718 1716 980 1768 proficiscitur,
1007 1725 1130 1764 sorte;
1161 1718 1221 1757 vel
1251 1731 1341 1757 cum

224 1783 376 1823 genero,
396 1770 578 1815 honeste3
608 1771 669 1808 vel
689 1769 881 1810 Caesarem
898 1771 1000 1821 fugit
1012 1771 1167 1810 iratum.

278 1824 456 1863 Marcelli
474 1823 645 1875 quidem,
658 1825 731 1862 nisi
742 1824 914 1875 gladium
936 1824 1098 1865 Caesaris
1109 1825 1340 1876 timuissent,

222 1885 443 1917 manerent:
474 1877 625 1929 Appius
644 1886 681 1916 et
695 1878 828 1916 eodem
838 1879 990 1926 timore,
1006 1886 1044 1918 et
1053 1879 1342 1919 inimicitiarum

223 1932 456 1971 recentium:
487 1939 525 1969 et
549 1938 692 1978 tamen,
718 1939 854 1983 praeter
878 1930 982 1971 hunc
1006 1939 1045 1971 et
1075 1931 1122 1972 C.
1145 1931 1339 1982 Cassium,

224 1985 361 2037 reliqui
392 1984 522 2035 legati,
554 1985 720 2023 Faustus
746 1993 1006 2037 proquaestor:
1037 1999 1107 2038 ego
1135 1999 1252 2036 unus,
1278 1988 1341 2027 cui

224 2038 414 2078 utrumvis
431 2038 571 2077 liceret.
602 2039 735 2078 Frater
757 2039 908 2078 accedet
924 2053 936 2086 ;
967 2052 1083 2092 quem
1103 2040 1247 2080 socium
1265 2041 1340 2079 hu-

221 2094 287 2142 jus
315 2092 479 2131 fortunae
497 2104 574 2130 esse
598 2104 676 2130 non
695 2100 774 2131 erat
793 2106 973 2145 aequum:
1004 2094 1066 2132 cui
1084 2094 1208 2146 magis
1222 2094 1338 2133 etiam

225 2146 355 2187 Caesar
372 2145 576 2184 irascetur:
606 2146 671 2184 sed
688 2146 893 2198 impetrare
910 2159 987 2186 non
1006 2160 1177 2199 possum,
1193 2151 1341 2186 ut'ma-

219 2208 317 2239 neat.
348 2199 539 2238 Dabimus
562 2199 634 2238 hoc
655 2200 852 2251 Pompeio,
872 2201 977 2253 quod
999 2201 1194 2240 debemus.
1224 2201 1331 2240 Nam
