1498 2401
281 139 365 179 AD
393 141 684 182 ATTICUM.
714 142 816 182 LIB.
846 143 942 183 XV.
973 145 1040 183 25.
1149 142 1226 181 231

99 247 251 300 misque
262 249 394 288 nullus
405 250 622 290 discederet.
652 252 780 298 Certe,
795 252 826 291 si
835 251 974 303 pergit,
990 252 1147 290 bellum
1156 263 1228 303 pa-

98 309 228 341 ratum
255 310 323 342 oet.
366 304 446 343 Hic
473 313 604 344 autem
628 314 756 345 noster
775 306 995 358 Cytherius,
1015 306 1090 344 nisi
1107 305 1228 344 victo-

99 369 195 405 rem,
215 358 410 396 neminem
430 359 635 398 victurum.
665 360 774 408 Quid
788 360 837 399 ad
854 361 937 398 haec
951 360 1107 399 Pansa?
1137 372 1227 398 eum

99 417 187 449 utro
205 411 289 459 erit,
310 412 343 450 si
361 413 509 451 bellum
535 415 635 454 erit?
665 415 769 466 quod
795 414 946 453 videtur
964 414 1058 453 fore.
1087 414 1163 454 Sed
1189 420 1228 451 et

98 464 194 514 haec,
215 473 253 504 et
271 467 361 516 3113,
382 480 534 507 coram:
565 469 679 508 hodie
705 469 879 521 quidem,
913 477 958 507 ut
988 468 1134 517 scribis,
1162 475 1230 506 aut

103 531 198 559 6135.

323 683 438 736 (23.)
467 685 681 726 CICERO
709 683 937 725 ATTICO
967 686 1007 725 S.

158 791 328 832 Mirifice
345 801 538 847 torqueor,
553 795 634 834 sine
646 795 775 834 dolore
786 802 936 833 tamen.
959 794 1025 833 sed
1038 793 1232 846 permulta

104 846 217 896 1111111,
237 847 285 886 de
308 856 437 887 nostro
463 850 680 897 11111616,111
709 857 916 901 utramque
933 856 1083 901 partem
1102 861 1234 887 occure

103 909 208 940 runt.
248 902 496 955 Quousque?
525 904 687 956 inquiae.
729 904 873 951 Quoad
905 904 975 942 erit
1006 903 1231 954 integrum·

104 956 176 994 erit
194 963 323 995 autem
341 971 464 1009 usque
492 958 587 996 dum
607 958 656 996 ad
682 971 833 997 navem.
870 958 999 996 Pansa
1017 957 1048 995 si
1073 956 1233 1007 rescrip-

103 1010 206 1059 serit,
223 1019 260 1050 et
277 1024 406 1050 meam
424 1013 509 1061 tibi,
530 1020 567 1051 et
584 1013 703 1061 illius,
725 1012 925 1064 epistolam
943 1012 1110 1050 mittam.
1142 1011 1232 1049 Sili-

103 1077 174 1102 um
187 1068 480 1117 exspectabam3
502 1068 565 1106 cui
582 1069 775 1115 ὑπομνημα
794 1067 1062 1119 compositum.
1084 1065 1125 1104 Si
1138 1064 1234 1116 quid

102 1119 205 1158 novi.
234 1120 323 1172 Ego
350 1120 479 1160 literas
497 1122 587 1160 misi
605 1122 655 1159 ad
673 1122 870 1168 Brutum3
901 1122 1012 1171 cujus
1031 1120 1079 1159 de
1097 1119 1232 1158 itinere

102 1172 219 1213 etiam
238 1187 287 1214 ex
306 1182 343 1214 te
362 1175 493 1225 velim,
510 1176 542 1215 si
561 1176 658 1228 quid
676 1176 782 1225 scies,
803 1188 1039 1228 cognoscere.

322 1337 438 1392 (24.)
472 1338 686 1379 CICERO
715 1338 943 1379 ATTICO
972 1339 1014 1378 S.

157 1446 416 1496 Tabellarius‚
431 1460 548 1500 quem
563 1447 613 1486 ad
631 1448 803 1486 Brutum
822 1448 1017 1494 miseram,
1032 1459 1081 1485 ex
1099 1445 1235 1484 itinere

103 1501 214 1540 rediit
226 1502 314 1540 VII
327 1502 529 1541 Calendas.
558 1502 611 1540 Ei
626 1503 785 1542 Servilia
796 1502 909 1548 dixit,
926 1515 970 1541 eo
984 1501 1046 1539 die
1060 1501 1234 1538 Brutum

102 1555 199 1594 hora
216 1557 355 1609 quarta
372 1556 599 1609 profectum.
631 1558 732 1596 Sane
745 1557 867 1604 dolui,
882 1569 988 1595 meas
1005 1556 1134 1594 literas
1148 1554 1235 1592 red-

103 1609 202 1648 ditas
220 1623 298 1649 non
317 1624 409 1650 aese.
449 1611 568 1650 Silius
595 1611 645 1649 ad
673 1624 737 1649 me
756 1623 834 1650 non
853 1618 1021 1649 venerat.
1063 1610 1233 1648 Causam

104 1666 316 1716 composui.
343 1665 453 1703 Eum
475 1666 654 1704 libellum
672 1665 745 1704 tibi
769 1665 871 1704 misi.
910 1666 973 1704 Te
992 1676 1071 1717 quo
1086 1663 1148 1702 die
1168 1676 1236 1701 ex·-

104 1727 287 1771 spectem,
306 1719 423 1758 velim
442 1720 549 1759 scire.

323 1882 437 1933 (25.)
468 1881 685 1923 CICERO
713 1881 943 1923 ATTICO
973 1883 1013 1922 5.

126 2010 134 2015 ·
160 1991 225 2031 De
253 2005 340 2030 meo
357 1992 492 2031 itinere
509 1993 624 2031 variae
649 1992 871 2031 sententiae:
902 1991 1019 2030 multi
1053 1991 1157 2030 enim
1187 1989 1237 2028 ad

106 2057 182 2085 me,
212 2046 289 2086 Sed
307 2054 351 2084 tu
365 2047 560 2096 incumbe,
577 2060 720 2098 quaeso,
739 2048 780 2085 in
796 2060 882 2086 eam
901 2059 1033 2085 curam
1051 2060 1061 2083 ε
1091 2057 1236 2096 magna

107 2113 167 2139 res
181 2108 249 2140 ffit.
269 2101 502 2152 Anprobas,
523 2102 556 2139 si
573 2101 622 2139 ad
637 2101 830 2140 Ca1.Jan
853 2100 1091 2152 cogitamus⁹
1114 2100 1234 2137 Meus

107 2155 260 2194 animus
279 2162 336 2194 est
354 2168 514 2232 aequus2⁴
522 2156 575 2194 516
593 2163 738 2202 tamen,
751 2164 796 2194 ut
813 2156 912 2194 nihil
923 2154 1142 2193 offensionis
1162 2153 1235 2191 sit·

109 2216 148 2247 et
158 2217 202 2248 tu
227 2209 343 2248 etiam
361 2209 465 2258 scite,
486 2213 610 2261 “quo
625 2210 686 2248 die
697 2211 791 2248 olim
802 2209 1031 2262 Ρ13611111111,’
1035 2207 1239 2270 mysteria

110 2263 261 2304 scilicet.
288 2264 348 2304 Ut
366 2270 410 2303 ut
434 2264 483 2303 sit
501 2277 574 2310 165,
603 2277 712 2307 casus
730 2264 933 2304 consilium
954 2270 1058 2302 nostr
1059 2263 1073 2301 i
1091 2261 1238 2301 itineris
