1498 2401
235 102 318 141 398
506 101 584 140 DE
615 101 806 140 PETIT.
836 100 996 141 CONS.
1028 101 1092 139 13.

238 210 475 256 accesserint,
495 218 540 249 ut
564 223 685 263 quam
702 211 961 263 plurimorum
975 223 1086 250 auree
1113 208 1262 262 optimo
1287 220 1366 248 ser-

239 276 353 303 mone
368 265 643 316 compleamur.

292 318 420 357 XIII.
451 320 646 371 Sequitur,
673 327 718 358 ut
741 319 789 358 de
806 332 960 358 rumore
978 319 1183 358 dicendum
1199 319 1272 365 sit;
1301 316 1366 356 cui

239 373 410 411 maxime
429 374 671 412 serviendum
700 382 767 413 est.
801 374 890 421 Sed,
911 387 999 425 quae
1025 373 1127 412 dicta
1151 380 1242 412 sunt
1259 371 1367 411 omni

240 428 425 478 superiori
443 427 625 475 oratione,
647 429 779 467 eadem
803 428 852 466 ad
880 428 1152 467 celebrandum
1171 439 1368 466 rumorem

239 482 381 530 valent,
402 482 551 520 dicendi
565 482 663 531 laus,
680 483 806 521 studia
816 483 1110 535 publicanorum
1129 489 1166 520 et
1185 481 1368 534 equestris

242 536 400 585 ordinis,
421 536 625 574 hominum
644 537 834 575 nobilium
859 538 1050 585 voluntas,
1070 535 1369 575 adolescentulo-

242 602 330 628 rum
350 590 577 642 frequentia,
598 604 745 640 eorum,
766 591 835 642 qui
853 593 921 630 abs
935 599 972 630 te
990 590 1135 629 defensi
1153 597 1257 637 sunt,
1278 589 1371 628 assi-

242 643 384 692 duitas,
401 659 448 684 ex
468 645 687 697 municipiis
707 646 917 684 multitudo
935 658 1066 684 eorum
1087 657 1183 697 quos
1201 643 1268 683 tua
1280 657 1372 683 cau-

243 699 286 736 sa
304 700 449 738 venisse
466 708 648 751 appareat
664 715 674 738 ε
705 702 802 738 bene
819 707 865 738 ut
882 700 1057 738 homines
1069 702 1194 745 nosse,
1214 698 1373 738 comiter

244 754 452 805 appellare,
473 755 622 792 assidue
641 767 685 793 ac
710 754 911 805 diligenter
935 761 1076 806 petere,
1096 755 1309 804 benignum
1328 764 1373 791 ac

245 807 441 847 liberalem
472 821 563 855 esse,
591 809 800 860 loquantur
824 815 862 847 et
890 808 1134 854 existiment3
1165 807 1303 846 domus
1327 813 1374 845 ut

245 862 373 901 multa
391 871 500 901 nocte
519 863 770 914 compleatur,
794 862 971 901 omnium
990 874 1176 914 generum
1194 861 1375 914 frequen-

246 916 301 955 tia
333 917 446 964 adsit,
477 917 634 955 satisfiat
666 917 834 956 oratione
863 917 1070 963 omnibus;
1110 930 1152 956 re
1183 917 1376 968 operaque

248 971 406 1010 multis:
436 971 653 1022 perficiatur
682 971 737 1019 id,
769 972 874 1024 quod
901 971 984 1010 fieri
1015 979 1140 1024 potest
1165 971 1308 1018 labore,
1338 977 1376 1008 et

248 1034 345 1073 arte,
365 1038 410 1064 ac
427 1026 627 1077 diligentia
642 1040 654 1072 ;
684 1038 762 1064 non
781 1035 825 1065 ut
843 1026 893 1065 ad
910 1027 1101 1078 populum
1120 1027 1169 1064 ab
1186 1025 1233 1064 iis
1251 1023 1377 1064 omni-

249 1080 322 1118 bus
340 1080 446 1118 fama
464 1081 674 1132 perveniat,
695 1080 760 1119 sed
778 1089 822 1119 ut
839 1081 880 1119 in
899 1081 959 1119 his
970 1081 1105 1120 studiis
1115 1080 1282 1132 populus
1295 1079 1378 1131 ipse

249 1143 431 1173 versetur.
461 1135 490 1173 J
493 1148 557 1173 am
585 1137 775 1174 urbanam
803 1136 912 1174 illam
930 1135 1237 1182 multitudinem,
1258 1141 1296 1172 et
1314 1146 1378 1172 eo-

250 1202 339 1227 rum
359 1189 485 1227 studia
500 1189 568 1241 qui
580 1190 778 1228 conciones
796 1197 941 1238 tenent,
957 1188 1086 1242 [quae]
1107 1189 1268 1240 adeptus
1279 1201 1318 1226 oe
1335 1188 1378 1226 in

252 1243 440 1296 Pompeio
458 1244 644 1291 ornando,
665 1244 823 1283 Manilii
850 1258 965 1284 causa
982 1243 1213 1296 recipienda,
1233 1242 1378 1281 Corne-

249 1298 303 1336 lio
317 1297 579 1337 defendendo.
609 1298 810 1337 excitanda
827 1299 936 1338 nobis
951 1306 1056 1346 sunt,
1070 1311 1159 1350 quae
1172 1296 1299 1336 adhuc
1308 1297 1379 1335 ha-

250 1353 336 1391 buit
354 1365 482 1400 nemo,
504 1353 598 1404 quin
618 1352 721 1391 idem
740 1353 983 1415 splendorem
998 1353 1189 1400 omnium,
1201 1351 1380 1390 volunta-

252 1414 400 1459 tesque,
429 1407 599 1446 haberet.
636 1407 897 1446 Efficiendum
920 1408 1035 1446 etiam
1063 1406 1177 1453 illud,
1197 1413 1242 1443 ut
1259 1405 1381 1444 sciant

252 1474 399 1509 omnes,
421 1461 496 1500 Cn.
518 1461 700 1515 Pompeii
729 1474 923 1500 summam
943 1475 1033 1513 erga
1050 1468 1088 1500 te
1106 1473 1185 1499 esse
1202 1459 1381 1498 volunta-

254 1523 348 1563 tem,
380 1523 418 1554 et
435 1510 680 1554 vehementer
701 1515 750 1554 ad
777 1516 881 1554 illius
905 1515 1084 1563 rationes,
1104 1523 1143 1553 te
1164 1513 1206 1552 id
1230 1513 1381 1566 assequi

253 1570 358 1622 quod
376 1570 488 1622 petis,
515 1570 718 1622 pertinere.
760 1570 974 1616 Postremo,
998 1576 1079 1608 tota
1103 1568 1251 1621 petitio,
1275 1581 1381 1614 cura,

253 1632 298 1662 ut
315 1637 470 1676 pompae
485 1625 599 1676 plena
618 1625 679 1670 sit,
700 1631 745 1663 ut
763 1624 934 1672 illustris,
955 1632 1000 1662 ut
1017 1622 1231 1676 splendida,
1252 1630 1297 1660 ut
1313 1634 1383 1674 po-

253 1679 413 1731 pularis,
433 1687 478 1716 ut
495 1679 635 1717 habeat
654 1691 850 1718 summam
870 1678 1036 1731 speciem
1055 1691 1100 1717 ac
1127 1677 1379 1729 dignitatem;

254 1740 301 1771 ut
319 1733 434 1772 etiam
455 1732 507 1786 (si
526 1747 603 1785 qua
629 1733 769 1784 possit)
794 1746 864 1772 nec
891 1732 1202 1785 competitoribus
1220 1730 1297 1769 tuis
1315 1743 1385 1769 ex-

257 1787 365 1826 sistat
382 1795 450 1826 aut
478 1788 640 1834 sceleris,
669 1795 736 1826 aut
760 1788 945 1833 libidinis,
975 1795 1042 1825 aut
1066 1784 1294 1838 largitioniS,
1321 1797 1384 1823 ac-

257 1842 499 1881 commodata
517 1841 566 1880 ad
585 1855 718 1881 eorum
730 1855 855 1881 mores
871 1842 1044 1881 infamia.
1069 1842 1201 1893 Atque
1213 1839 1328 1878 etiam
1341 1839 1384 1877 in

257 1896 331 1935 hac
348 1896 530 1948 petitione
544 1896 714 1935 maxime
733 1896 943 1935 videndum
963 1904 1032 1944 est,
1048 1903 1093 1934 ut
1105 1908 1189 1947 spes
1200 1893 1384 1945 reipubli-

258 1963 312 1989 cae
330 1952 432 1989 bona
451 1950 499 1989 de
516 1958 553 1989 te
579 1951 641 1998 sit,
663 1958 700 1989 et
726 1951 886 1990 honesta
910 1951 1050 2003 opinio.
1090 1950 1177 1988 Nec
1194 1956 1325 1986 tamen
1343 1947 1385 1985 in

259 2005 425 2066 petendo
443 2018 501 2044 res
519 2005 674 2057 publica
692 2006 922 2058 capessenda
940 2012 1009 2053 est,
1030 2016 1156 2056 neque
1173 2003 1214 2041 in
1234 2008 1384 2050 senatu,

258 2071 386 2110 neque
403 2059 444 2097 in
463 2060 666 2098 concione:
698 2059 764 2098 sed
781 2060 864 2099 haec
889 2059 959 2099 tibi
979 2066 1070 2098 sunt
1086 2056 1312 2102 retinenda;
1343 2062 1389 2094 ut

260 2121 415 2153 senatus
433 2121 471 2153 te
490 2113 695 2162 existimet,
716 2127 765 2153 ex
783 2128 829 2154 eo
847 2114 952 2167 quod
969 2114 1025 2153 ita
1042 2112 1196 2161 vixeris,
1216 2110 1390 2149 defenso-

261 2179 344 2207 rem
363 2168 598 2209 auctoritatis
629 2180 709 2209 suae
735 2168 842 2218 fore;
872 2168 1020 2222 equites
1045 2165 1231 2215 Romani,
1256 2171 1294 2204 et
1320 2162 1418 2203 viri
1416 2167 1439 2216 2
