1498 2401
251 87 327 133 '184
421 94 506 134 AD
534 94 818 136 ATTICUM.
848 95 953 136 1118.
971 95 1095 136 XIV.
1123 98 1164 137 9.

243 215 376 242 essano
394 212 480 243 tuas
497 204 638 244 literas.
678 204 743 244 De
768 204 899 244 Mario
923 206 1067 258 probe:
1096 204 1168 244 etsi
1189 204 1300 244 doleo
1317 205 1369 244 L.

243 258 370 296 Crassi
389 266 580 310 nepotem.
600 259 763 311 Optime
776 266 857 298 tam
871 259 984 298 etiam
1001 260 1128 298 Bruto
1141 267 1270 298 nostro
1278 272 1371 311 pro-

241 312 325 350 bari
343 313 562 351 Antonium
579 328 589 352 :
611 327 718 360 nam,
733 314 840 366 quod
853 314 882 353 J
885 314 1018 353 uniam
1034 313 1164 352 scribis
1174 313 1370 353 moderate

243 374 281 404 et
300 367 421 405 amice
439 367 597 420 scriptas
615 368 742 407 literas
761 369 947 417 attulisse,
965 368 1065 407 mihi
1085 368 1233 407 Paulus
1241 367 1366 417 dedit,

241 420 291 459 ad
316 434 355 459 se
373 435 397 460 a
413 421 531 460 fratre
553 422 710 469 missas3
741 423 882 475 quibus
908 423 949 460 in
979 422 1161 462 extremis
1179 429 1274 472 erat,
1293 422 1368 462 sibi

238 475 395 514 insidias
408 475 515 523 fieri3
536 490 575 515 se
593 476 633 515 id
651 477 761 516 certis
781 477 999 516 auctoribus
1011 477 1251 529 comperisse.
1277 476 1368 516 Hoc

238 542 308 569 nec
326 530 423 568 mihi
441 530 629 582 placebat,
651 539 687 570 et
705 532 830 570 multo
849 531 907 570 illi
924 531 1066 570 minus.

294 584 457 636 Reginae
475 585 569 636 fuga
582 585 680 624 mihi
699 599 776 624 non
796 586 979 624 molesta.
1011 585 1092 633 sed,
1115 584 1254 626 Clodia
1271 587 1367 639 quid

240 639 372 690 egerit,
394 639 533 678 scribas
549 639 598 677 ad
617 652 680 678 me
694 641 822 679 velim.
852 640 916 679 De
927 614 1128 692 Byzantiis
1140 641 1305 690 curabis,
1321 649 1366 681 ut

237 701 397 740 caetera;
429 701 466 732 et
485 694 669 746 Pelopem
685 695 733 733 ad
746 702 783 733 te
798 707 973 733 arcesses.
1002 694 1104 746 Ego,
1119 703 1164 734 ut
1178 671 1364 747 postulas,

238 748 389 787 Baiana
407 748 572 799 negotia,
594 748 832 801 chorumque
858 749 987 796 illum,
1014 749 1063 787 de
1081 762 1160 800 quo
1178 749 1272 788 scire
1290 751 1364 800 vis,

237 815 327 841 cum
358 815 598 854 perspexero,
636 809 723 840 tum
759 803 949 849 scribam3
978 814 1028 842 ne
1066 803 1164 855 quid
1200 803 1363 856 ignores.

236 856 346 905 Quid
374 856 493 904 Galli,
515 856 610 907 quid
629 856 811 908 Hispani,
838 857 934 909 quid
959 858 1100 896 Sextus
1125 866 1229 910 agat,
1248 859 1364 898 vehe-

232 919 383 950 menter
402 919 590 962 exspec‘o.
630 910 692 949 Ea
721 911 862 950 scilicet
884 918 928 950 tu
952 911 1178 961 declarabis,
1203 912 1273 965 qui
1290 925 1365 952 cae-

232 972 328 1004 tera.

288 1019 526 1059 Nauseolam
542 1019 611 1058 tibi
631 1027 717 1059 tum
736 1033 890 1060 causam
909 1021 978 1060 otii
996 1021 1144 1060 dedisse
1161 1020 1273 1061 faule
1290 1035 1363 1075 pa-

233 1074 378 1113 tiebar:
409 1073 565 1113 videbar
591 1074 694 1112 enim
721 1076 833 1124 mihi,
860 1076 1003 1127 legenti
1024 1083 1110 1114 tuas
1137 1075 1280 1124 literas,
1299 1089 1361 1116 re-

231 1129 382 1181 quiesse
411 1128 617 1181 paulisper.
658 1129 721 1168 De
747 1131 873 1168 Bruto
899 1143 1049 1182 semper
1073 1129 1123 1168 ad
1140 1142 1206 1169 me
1228 1131 1362 1170 omnia

229 1183 465 1235 perscribito,
487 1183 554 1220 ubi
572 1182 635 1230 sit,
657 1184 751 1235 quid
776 1185 939 1235 cogitet:
969 1197 1087 1236 quem
1111 1184 1271 1236 quidem
1290 1198 1362 1237 ego

232 1252 340 1290 spero
356 1240 439 1288 jam
453 1244 537 1276 tuto
556 1237 616 1276 vel
635 1238 760 1277 solum
775 1239 856 1278 tota
867 1239 976 1278 Urbe
990 1238 1121 1292 vagari
1131 1251 1252 1292 posse.
1280 1239 1362 1279 Ve-

229 1301 462 1333 rumtamen·

462 1456 549 1508 (9.)
579 1455 793 1497 CICERO
821 1454 1045 1495 ATT1co
1074 1456 1116 1495 s.

279 1564 343 1603 De
361 1578 402 1604 re
419 1566 574 1618 publica
592 1566 718 1606 multa
745 1565 905 1617 cognovi
924 1578 973 1603 ex
997 1564 1074 1604 tuis
1099 1563 1235 1614 literis,
1255 1577 1354 1617 quas

224 1618 382 1670 quidem
401 1622 627 1674 multijuges
641 1621 769 1673 accepi
788 1633 866 1658 uno
876 1628 1057 1681 tempore
1073 1632 1098 1657 a
1116 1619 1285 1658 Vestorii
1302 1619 1354 1658 li-

222 1674 342 1711 berto.
372 1675 437 1712 Ad
450 1689 493 1714 ea
504 1685 650 1723 autem,
672 1689 760 1728 quae
778 1674 954 1726 requiris,
974 1673 1082 1712 brevi
1098 1673 1350 1726 respondebo.

225 1727 420 1776 Primum,
450 1731 696 1769 vehementer
725 1743 788 1768 me
807 1729 999 1768 Cluviana
1026 1727 1229 1767 delectant.
1257 1728 1350 1778 Sed,

220 1782 325 1833 quod
352 1785 506 1834 quaeris,
533 1785 628 1836 quid
646 1783 879 1823 arcessierirn
901 1782 1351 1835 Chrysippum31aber-

220 1848 281 1875 nae
298 1837 397 1875 mihi
427 1837 514 1877 duae
544 1847 783 1886 corruerunt,
804 1838 1039 1890 reliquaeque
1067 1837 1184 1875 rimas
1211 1844 1349 1888 agunt.

221 1890 360 1942 Itaque
374 1904 451 1930 non
464 1893 588 1931 solum
604 1893 799 1945 inquilini,
820 1892 887 1931 sed
909 1904 1039 1930 mures
1053 1891 1184 1937 etiam,
1205 1891 1350 1943 migra-

219 1954 368 1984 verunt.
397 1946 511 1985 Hanc
532 1948 653 1985 caeteri
674 1947 930 1985 calamitatem
946 1953 1108 1984 vocant:
1130 1957 1201 1996 ego
1219 1957 1269 1984 ne
1286 1945 1348 1983 in-

217 2000 464 2038 commodum
489 2001 659 2053 quidem.
698 2001 737 2041 O
764 2004 949 2049 Socrates,
978 2007 1016 2038 et
1046 1998 1227 2038 Socratici
1246 1999 1343 2039 vin'!

215 2065 419 2106 nunquam
441 2055 548 2094 vobis
577 2056 740 2107 gratiam
761 2055 935 2094 referam.
975 2053 1045 2092 Dii
1076 2053 1343 2093 immortales!

215 2121 335 2159 quam
356 2109 453 2148 mihi
472 2110 544 2148 ista
562 2123 632 2161 pro
651 2109 798 2148 nihilo!
830 2109 906 2148 Sed
925 2117 1054 2148 tamen
1075 2121 1119 2146 ea
1137 2107 1235 2146 ratio
1252 2107 1347 2147 aedi-

208 2162 351 2202 ficandi
370 2163 504 2210 initur,
521 2163 737 2202 consiliario
755 2163 914 2224 quidem
927 2173 964 2202 et
976 2170 1128 2201 auctore
1146 2162 1342 2210 Vestorio,

204 2224 253 2254 ut
271 2217 344 2258 hoc
363 2193 554 2257 dammim
574 2226 839 2270 quaestuosum
856 2217 917 2256 sit.
