1467 2401
218 115 270 152 60
424 111 507 151 AD
534 109 819 150 ATTICUM.
849 108 948 148 Lm.
968 108 1022 148 X.
1045 108 1109 146 12.

215 233 279 259 me
293 220 431 269 veniet,
452 226 519 258 aut
533 231 581 256 ne
599 218 639 256 id
652 217 807 269 quidem
820 230 833 263 ς
862 217 1045 270 quoniam
1057 214 1218 267 scripsit,
1238 213 1333 266 quid

217 268 298 312 fieri
317 275 440 313 vellet.
471 273 546 313 Sed
565 273 656 310 scies
678 271 870 320 continuo,
890 270 984 323 quid
1002 277 1130 308 actum
1148 269 1209 308 sit.
1248 269 1334 307 Nos

214 329 297 378 jam
313 327 422 375 nihil,
443 327 516 366 nisi
534 327 689 365 occulte.

285 382 347 420 De
367 381 492 434 pueris
511 380 604 432 quid
624 379 764 430 agam?
793 391 958 430 parvone
983 377 1135 429 navigio
1159 375 1336 416 commit-

220 438 332 475 tam?
363 435 472 483 Quid
489 434 587 472 mihi
605 433 724 471 animi
754 433 794 470 in
827 432 1041 483 navigando
1066 443 1194 470 censes
1221 430 1301 469 fore
1315 432 1334 469 ἓ

222 490 416 528 Recordor
437 489 554 535 enim,
572 495 698 525 aestate
713 500 801 525 cum
813 487 880 524 illo
896 485 1139 524 Rhodiorum
1159 492 1339 535 αφρακτῳ

220 545 418 595 navigans,
441 555 557 594 quam
577 541 716 579 fuerim
735 541 927 579 sollicitus.
969 538 1092 588 Quid,
1119 538 1216 576 duro
1237 544 1336 576 tem-

219 611 312 649 pore
328 597 432 646 anni,
453 595 656 635 actuariolo
675 595 754 633 fore
768 607 895 633 censes
912 597 929 633 ?
959 594 1062 632 Rem
1079 591 1251 644 undique
1263 590 1338 630 mi-

224 665 346 690 seram
363 652 372 689 !

278 705 484 744 Trebatius
515 710 595 742 erat
623 716 791 749 mecum,
820 702 874 741 vir
899 701 1013 753 plane
1031 707 1068 739 et
1088 699 1179 739 civis
1202 700 1339 738 bonus.

223 759 324 808 Quae
343 759 409 797 ille
426 766 609 804 monstra,
623 757 692 795 Dii
710 756 943 795 immortales
960 755 969 792 !
991 754 1174 793 Etiamne
1192 753 1342 792 Balbus

222 813 263 852 in
283 820 461 852 senatum
480 811 606 850 venire
634 810 799 862 cogitet?
828 809 904 849 Sed
923 809 957 847 ei
974 808 1047 860 ipsi
1065 821 1145 847 cras
1163 807 1212 847 ad
1229 814 1269 846 te
1293 806 1342 844 li-

224 875 323 906 teras
342 867 454 905 dabo.

288 922 506 960 Vectenum
544 918 642 956 mihi
681 918 864 966 amicum,
894 924 939 954 ut
967 915 1112 963 scribis,
1151 915 1209 954 ita
1248 921 1345 967 puto

223 989 326 1014 esse:
353 987 442 1012 cum
474 986 532 1019 e0‚
563 973 667 1024 quod
698 987 889 1019 αποτομως
915 969 964 1007 ad
981 982 1045 1008 me
1073 970 1272 1021 scripserat
1297 968 1346 1007 de

223 1028 396 1067 nummis
415 1027 605 1075 curandis,
626 1030 868 1075 θυμικωτερον
894 1036 998 1062 eram
1022 1024 1193 1073 jocatus:
1224 1023 1265 1061 id
1286 1029 1345 1072 tu,

225 1084 256 1122 si
271 1083 336 1120 ille
355 1082 463 1119 aliter
482 1080 679 1132 acceperit,
696 1092 739 1117 ac
758 1078 904 1125 debuit,
919 1077 1051 1116 lenies.
1079 1081 1107 1100 “
1127 1075 1349 1116 Monetali”

227 1145 357 1175 autem
387 1134 581 1185 adscripsi,
612 1133 716 1185 quod
740 1132 805 1170 ille
837 1131 886 1169 ad
914 1144 992 1179 me,
1033 1133 1061 1154 ‘⁶
1082 1130 1347 1170 Proconsuli.”

228 1191 317 1238 Sed,
338 1188 523 1241 quoniam
538 1197 594 1227 est
603 1189 734 1236 homo,
755 1194 792 1225 et
810 1198 878 1225 nos
897 1184 1035 1238 diligit,
1048 1185 1130 1238 ipse
1147 1197 1300 1238 quoque
1323 1197 1351 1224 a

227 1245 338 1283 nobis
358 1243 552 1295 diligatur.
581 1241 694 1281 Vale.
1087 1248 1099 1257 “

447 1401 562 1453 (12.)
592 1401 805 1442 CICERO
833 1399 1050 1441 ATTICO
1079 1400 1120 1440 S.

282 1509 483 1558 Quidnam
502 1510 599 1548 mihi
616 1510 792 1548 futurum
808 1516 863 1548 est
876 1512 894 1549 ‚⁹
924 1517 991 1548 aut
1009 1508 1095 1561 quis
1113 1521 1176 1548 me
1194 1521 1270 1548 non
1285 1523 1348 1550 so·

228 1563 314 1602 lum
332 1564 529 1612 infelicior,
556 1565 620 1602 sed
642 1565 724 1614 jam
754 1564 869 1602 etiam
900 1564 1072 1615 turpior?
1102 1563 1347 1603 Nominatim

230 1618 277 1656 de
291 1631 353 1656 me
373 1617 443 1656 sibi
454 1619 685 1670 imperatum
700 1617 791 1656 dicit
804 1618 999 1656 Antonius
1013 1631 1025 1663 3
1054 1629 1123 1656 nec
1137 1630 1200 1655 me
1217 1624 1346 1657 tamen

230 1671 311 1723 ipse
331 1672 456 1710 adhuc
474 1673 631 1719 viderat,
652 1671 718 1710 sed
737 1672 808 1709 hoc
826 1671 1010 1710 Trebatio
1028 1671 1207 1710 narravit.
1236 1671 1347 1720 Quid

230 1739 343 1776 agam
359 1738 474 1774 nunc,
495 1727 557 1764 cui
576 1726 672 1764 nihil
690 1725 871 1778 procedit,
888 1725 1103 1776 caduntque
1115 1738 1172 1774 ea,
1188 1739 1276 1777 quae
1289 1725 1348 1765 di-

229 1779 477 1830 ligentissime
497 1788 585 1818 sunt
603 1780 780 1831 cogitata,
795 1780 1016 1818 teterrime?
1035 1778 1124 1830 Ego
1135 1779 1252 1828 enim,
1270 1779 1351 1819 Cu.

231 1833 378 1871 rionem
399 1842 545 1882 nactus,
566 1834 696 1872 omnia
717 1846 780 1872 me
798 1841 1043 1873 consecutum
1068 1833 1212 1884 putavi.
1242 1833 1283 1872 Is
1300 1835 1349 1874 de

231 1899 295 1925 me
325 1887 373 1925 ad
412 1887 664 1926 Hortensium
693 1888 900 1939 scripserat.
939 1887 1113 1938 Reginus
1137 1894 1217 1926 erat
1247 1894 1352 1928 totus

233 1949 383 1979 noster:
413 1941 503 1980 huic
522 1942 618 1979 nihil
638 1942 925 1994 suspicabamur
946 1953 1035 1980 cum
1053 1940 1126 1980 hoc
1142 1940 1242 1979 mari
1259 1953 1354 1994 neg.

234 1995 302 2032 otii
320 1995 411 2033 fore.
441 1996 531 2043 Quo
543 2009 606 2034 me
624 2008 727 2035 nunc
739 2003 884 2034 vertam
901 1997 918 2032 Ρ
947 1993 1131 2046 Undique
1150 1994 1352 2035 custodior.

235 2049 312 2087 Sed
331 2049 420 2087 satis
437 2050 626 2101 lacrymis.
658 2056 818 2099 Παρωρα
838 2056 1009 2086 πλευτεον
1026 2048 1157 2099 igitur,
1178 2056 1216 2086 et
1227 2049 1354 2089 occul-

237 2109 274 2140 te
299 2103 339 2139 in
369 2103 540 2154 aliquam
570 2103 780 2141 onerariam
810 2101 1097 2154 corrependum.
1126 2102 1220 2140 Non
1249 2115 1355 2142 com-

239 2156 487 2204 mittendum,
502 2165 546 2195 ut
561 2158 675 2195 etiam
695 2164 891 2209 compacto
909 2155 1091 2208 prohibiti
1106 2155 1315 2195 videamur.

294 2210 423 2249 Sicilia
456 2211 620 2263 petenda
637 2224 647 2247 τ
677 2224 796 2263 quam
821 2211 853 2249 si
884 2210 1024 2249 erimus
1061 2209 1177 2258 nacti,
1210 2211 1355 2262 majora
