1498 2401
272 131 351 168 358
500 133 584 171 AD
612 132 874 171 BRUTUM.
903 131 1061 171 Emsr.
1086 132 1148 171 12.

270 250 370 276 mur.
402 238 449 276 Id
469 240 603 278 accidit
622 240 684 278 M.
705 240 844 293 Lepidi
863 241 998 280 scelere
1015 247 1053 278 et
1077 237 1257 277 amentia.
1292 237 1390 286 Quo

272 300 442 343 tempore
460 306 548 332 cum
567 294 705 341 multa,
725 302 879 346 propter
906 307 992 333 eam
1013 305 1144 333 curam
1172 304 1291 344 quam
1316 303 1390 342 pro

270 357 312 382 re
342 346 498 396 publica
527 348 688 399 suscepi,
712 349 876 399 graviter
902 349 1055 396 ferrem,
1081 354 1167 385 tum
1191 345 1290 384 nihil
1313 344 1388 382 tuli

268 400 436 449 gravius,
462 414 580 452 quam
602 415 666 440 me
697 414 772 440 non
801 415 912 454 posse
935 402 1068 440 matris
1096 408 1175 439 tuae
1209 398 1390 451 precibus

270 452 414 501 cedere,
440 467 517 493 non
545 457 705 494 sororis:
733 469 824 494 nam
853 457 923 495 tibi
951 455 1075 508 (quod
1101 454 1199 492 mihi
1228 451 1388 505 plurimi

270 505 343 556 εει)
363 508 474 547 facile
492 522 556 548 me
577 510 859 548 satisfacturum
887 511 1107 548 arbitrabar.
1136 508 1262 547 Nullo
1280 505 1385 544 enim

268 560 557 613 modospoterat
585 577 698 602 causa
727 564 867 615 Lepidi
899 563 1083 615 distingui
1115 563 1164 601 ab
1190 560 1386 600 Antonio:

269 615 521 668 omniumque
546 618 691 666 judicio
723 618 838 656 etiam
865 618 995 656 durior
1024 624 1117 664 erat,
1148 615 1267 667 quod,
1298 626 1388 652 cum

268 666 477 708 honoribus
502 671 748 722 amplissimis
775 685 798 710 a
819 679 951 710 senatu
973 678 1069 709 esset
1087 669 1260 720 Lepidus
1277 680 1389 706 orna-

269 726 346 770 tus,
366 730 452 761 tum
476 725 591 763 etiam
613 726 744 776 paucis
771 733 859 764 ante
884 725 1019 763 diebus
1036 724 1235 776 praeclaras
1260 722 1392 761 literas

268 775 318 813 ad
336 785 512 816 senatum
534 778 696 817 misisset
711 793 724 824 ;
753 786 908 830 repente
931 791 1010 817 non
1028 778 1153 817 solum
1171 776 1311 828 recepit
1328 788 1389 814 re-

266 828 406 881 liquias
423 832 606 881 hostium,
622 833 687 870 sed
700 833 846 871 bellum
861 832 1090 871 acerrimum
1101 831 1203 869 terra
1214 829 1391 881 marique

268 885 391 932 gerit:
433 887 543 935 cujus
576 886 701 925 exitus
733 887 802 939 qui
831 886 985 925 futurus
1016 886 1079 933 sit,
1105 885 1292 923 incertum
1315 890 1384 922 est.

268 936 422 989 Itaque,
443 953 533 978 cum
551 953 746 991 rogamur,
771 948 817 979 ut
840 940 1137 978 misericordiam
1161 937 1291 977 liberis
1306 938 1391 987 ejus

267 992 547 1043 impertiamus,
573 994 671 1032 nihil
693 995 862 1044 affertur,
882 994 1089 1046 quominus
1118 1005 1272 1031 summa.
1297 1004 1390 1042 sup-

267 1046 400 1097 plicia,
421 1047 452 1085 si
473 1048 596 1099 (quod
610 1049 767 1099 Jupiter
784 1061 897 1087 omen
917 1055 1061 1086 avertat
1079 1047 1109 1095 2)
1126 1055 1235 1098 pater
1251 1057 1392 1097 puero-

266 1112 356 1138 rum
375 1100 519 1146 vicerit,
534 1102 733 1141 subeunda
747 1103 855 1141 nobis
874 1102 961 1141 sint.
990 1102 1078 1140 Nec
1088 1113 1177 1139 vero
1194 1113 1258 1138 me
1273 1099 1390 1150 fug-it,

269 1166 388 1205 quam
409 1155 457 1193 sit
475 1157 670 1202 acerbum,
690 1157 909 1208 parentium
927 1156 1066 1195 scelera
1083 1155 1251 1193 filiorum
1268 1153 1393 1206 poenis

268 1207 338 1245 lui.
382 1209 458 1247 Sed
483 1210 556 1248 hoc
579 1211 759 1262 praeclare
789 1211 939 1262 legibus
966 1216 1229 1261 comparatum
1254 1215 1325 1256 est,
1343 1215 1391 1245 ut

267 1262 402 1301 caritas
419 1263 627 1302 liberorum
646 1265 841 1303 amiciores
868 1271 1042 1316 parentes
1067 1262 1287 1314 reipublicae
1304 1260 1390 1300 red-

267 1315 383 1354 deret.
414 1316 552 1368 Itaque
570 1318 744 1369 Lepidus
761 1318 923 1357 crudelis
941 1319 982 1356 in
995 1318 1147 1365 liberos,
1162 1328 1241 1355 non
1254 1316 1301 1364 is,
1321 1314 1390 1368 qui

268 1369 465 1421 Lepidum
484 1371 632 1410 hostem
643 1373 804 1421 judic-at.

323 1426 456 1475 Atque
473 1425 538 1463 ille
562 1426 607 1472 si,
632 1427 747 1464 armis
770 1426 916 1477 positis,
936 1426 985 1464 de
1008 1425 1047 1464 vi
1068 1425 1274 1463 damnatus
1295 1429 1391 1462 esset

270 1479 365 1528 (quo
383 1478 422 1516 in
439 1479 583 1528 judicio
599 1488 697 1518 certe
715 1480 974 1518 defensionem
990 1492 1068 1517 non
1084 1479 1273 1524 haberet),
1287 1489 1393 1515 eam-

267 1530 357 1568 dem
389 1533 645 1572 calamitatem
677 1534 847 1572 subirent
875 1533 999 1582 libeli,
1032 1533 1146 1584 bonis*
1172 1530 1388 1583 publicatis.

270 1583 539 1637 Quamquam,
560 1587 665 1639 quod
682 1595 750 1625 tua
768 1594 889 1626 mater
908 1594 945 1625 et
963 1599 1066 1625 soror
1079 1586 1301 1637 deprecatur
1319 1597 1390 1636 pro

266 1639 409 1689 pueris,
429 1640 469 1677 id
487 1641 615 1691 ipsum
635 1650 673 1679 et
689 1642 813 1680 multa
825 1642 900 1679 alia
913 1640 1123 1679 crudeliora
1136 1639 1245 1677 nobis
1263 1638 1390 1676 omni-

267 1694 341 1730 bus
360 1693 547 1744 Lepidus,
557 1694 766 1743 Antonius,
783 1703 821 1733 et
838 1695 976 1746 reliqui
993 1695 1134 1742 hostes,
1148 1692 1388 1731 denuntiant.

266 1746 407 1798 Itaque
424 1749 637 1787 maximam
657 1762 763 1800 spem
790 1749 862 1787 hoc
881 1757 1051 1800 tempore
1068 1748 1256 1786 habemus
1274 1747 1316 1784 in
1335 1753 1388 1795 te,

267 1807 384 1851 atque
399 1804 402 1806 ’
415 1802 581 1840 exercitu
611 1810 690 1840 tuo.
730 1801 834 1842 Cum
860 1803 909 1841 ad
933 1802 1152 1854 reipublicae
1178 1812 1390 1848 summam,

267 1863 353 1892 tum
372 1854 421 1892 ad
439 1856 601 1906 gloriam
621 1864 658 1894 et
671 1856 897 1908 dignitatem
908 1864 1032 1904 tuam,
1045 1856 1289 1894 vehementer
1301 1867 1389 1905 per-

266 1908 376 1957 tinet,
397 1917 435 1948 te
452 1909 493 1947 in
511 1910 666 1948 Italiam
687 1914 748 1952 (ut
772 1919 860 1949 ante
879 1910 1025 1962 scripsi)
1045 1909 1172 1948 venire
1186 1908 1386 1960 quampri-

265 1973 390 2000 mum.
419 1963 522 2014 Eget
539 1963 643 2001 enim
661 1965 903 2002 vehementer
922 1977 1011 2002 cum
1030 1964 1173 2002 viribus
1191 1963 1282 2009 tuis,
1301 1969 1388 1999 tum

267 2016 382 2053 etiam
402 2017 572 2064 consilio,
592 2018 817 2068 rffipublica.
847 2018 1042 2065 Veterem,
1058 2029 1128 2068 pro
1142 2018 1224 2066 ejus
1243 2028 1333 2066 erga
1349 2023 1389 2053 te

266 2071 529 2109 benevolentia
547 2071 808 2124 singularique
829 2071 966 2119 officio,
991 2071 1154 2110 libenter
1173 2083 1222 2109 ex
1245 2069 1323 2107 tuis
1339 2068 1389 2106 li-

265 2123 354 2161 teris
386 2125 611 2175 complexus
643 2138 757 2164 sum:
788 2138 955 2178 eumque
979 2138 1070 2163 cum
1099 2124 1171 2173 tui,
1202 2132 1288 2162 tum
1316 2122 1390 2161 rei-

262 2178 441 2228 publicae,
466 2179 786 2218 studiosissimum
810 2179 1194 2230 amantissimumque
1212 2175 1385 2228 cognovi.
