1498 2401
443 563 513 612 M.
547 562 774 611 TULLII
813 561 1178 612 CICERONIS

521 709 1107 764 EPISTOLARUM

618 838 703 877 AD
731 837 1006 878 ATTICUM

659 962 815 1002 Lmzn
842 962 964 1003 XVI.

741 1097 894 1128 -ψ-

592 1218 1039 1258 ARGUMENTUM.

257 1327 400 1366 MALE
431 1327 567 1366 aflecta
599 1326 854 1378 oppressaque
883 1327 1036 1366 civitate
1059 1325 1175 1365 armis
1199 1324 1380 1375 Antonii,

256 1382 388 1432 reique
406 1382 572 1433 publicae
590 1381 713 1420 salute
731 1381 945 1432 despeth
961 1381 1066 1433 quod
1085 1380 1212 1419 adhuc
1229 1381 1274 1420 C.
1295 1380 1382 1420 Cae-

257 1448 339 1473 sare
358 1436 510 1474 vivente
529 1435 772 1486 cogitaverat,
798 1435 870 1473 iter
895 1435 936 1472 in
963 1435 1153 1474 Graeciam
1173 1434 1307 1474 cicero
1325 1441 1382 1474 est

257 1489 464 1540 ingressus,
491 1502 532 1528 re
556 1498 686 1528 tamen
716 1489 823 1541 prius
849 1489 952 1528 lente
980 1488 1201 1538 deliberata,
1220 1489 1326 1541 quod
1344 1495 1383 1528 et

257 1542 399 1582 futuris
432 1544 480 1582 de
508 1557 548 1582 se
577 1544 781 1581 hominum
814 1543 1053 1582 sermonibus
1077 1551 1310 1591 moveretur,
1344 1549 1383 1582 et

259 1610 359 1648 aegre
376 1610 400 1635 a
418 1598 497 1636 suis
512 1598 656 1636 villulis
682 1597 876 1649 Italiaque
900 1598 1137 1637 avelleretur.
1165 1597 1275 1648 Ergo
1299 1597 1384 1636 Pu.

257 1652 377 1689 teolos
409 1652 581 1703 primum
610 1665 846 1703 progressus,
879 1651 998 1703 inque
1033 1651 1178 1691 Neside
1208 1652 1382 1690 Brutum

258 1705 447 1744 allocutus
478 1707 654 1749 (classem
679 1706 759 1744 una
784 1719 872 1744 cum
903 1704 1037 1745 Cassio
1060 1712 1276 1758 parantem,
1302 1705 1383 1757 qua

258 1759 325 1797 ille
357 1760 398 1797 in
430 1760 717 1808 Macedoniam,
749 1760 813 1798 hic
843 1760 884 1798 in
918 1761 1086 1811 Syriam,
1124 1760 1380 1811 navigarent),

263 1811 444 1852 Calendis
463 1815 672 1853 Sextilibus
691 1814 844 1865 Rhegio
862 1816 1129 1861 conscendens,
1145 1814 1249 1853 venit
1267 1814 1384 1865 Syra·

260 1881 379 1906 cusas.
401 1868 516 1906 Unde
531 1881 620 1907 cum
633 1869 888 1907 transmittere
903 1869 1016 1906 vellet
1029 1869 1068 1907 in
1085 1868 1289 1917 Graeciam,
1305 1868 1383 1907 bis-

260 1934 337 1972 que
365 1921 414 1959 ad
444 1922 739 1973 Leucopetram,
770 1921 876 1973 quod
905 1930 959 1960 est
989 1923 1072 1974 agri
1095 1922 1267 1974 Rhegini
1290 1934 1381 1974 pro-

259 1975 510 2024 montorium,
541 1975 687 2014 Austro
713 1977 874 2026 rejectus
899 1983 1008 2024 esset,
1028 1976 1272 2028 profectionis
1290 1987 1381 2014 oon-

260 2029 391 2067 silium
424 2030 586 2080 abjecit3
617 2042 739 2081 eoque
774 2030 913 2081 magis,
952 2030 1056 2082 quod
1092 2030 1183 2068 boni
1220 2029 1381 2082 quidam

258 2083 385 2120 nuntii
405 2096 448 2122 eo
467 2084 598 2123 Roma
625 2091 821 2131 venerant,
846 2084 927 2122 fore
944 2092 989 2122 ut
1013 2085 1208 2122 Antonius
1226 2089 1322 2122 &et
1337 2082 1380 2121 in

256 2143 442 2188 potestate
471 2141 638 2185 senatus,
668 2145 855 2176 senatores
883 2138 924 2175 in
942 2138 1092 2177 Urbem
1119 2138 1299 2186 redirent,
1321 2148 1381 2176 res

258 2191 485 2230 conveniret.
518 2192 606 2230 Hac
623 2191 741 2243 igitur
766 2205 832 2244 spe
850 2199 1079 2241 commotus,
1100 2192 1270 2232 Romam
1294 2189 1380 2229 red-

259 2243 332 2290 iit;
361 2246 576 2298 urbemque
594 2246 787 2297 ingressus
816 2253 871 2285 est
903 2244 1082 2286 Calendis
1116 2243 1378 2299 Septembri53
