1498 2401
251 79 336 120 AD
365 81 418 130 Q.
448 78 750 121 FRATREM.
780 82 881 121 Lm.
901 83 936 122 I.
969 85 1019 121 2..
1119 86 1198 126 289

81 187 195 239 dites,
215 190 437 242 quominus,
458 190 563 242 quod
581 188 630 229 ad
648 190 702 238 Q.
722 190 926 230 Publiceni
944 195 1113 232 statuam
1141 193 1209 232 de-

80 251 229 282 cretum
259 251 329 294 est,
357 251 598 296 erogaretur:
630 245 734 297 quod
760 259 830 297 ego
855 252 892 284 te
910 254 947 285 et
967 260 1060 298 rogo
1081 255 1118 287 et
1137 248 1206 286 ad-

80 309 235 347 moneo,
255 310 305 337 ne
323 298 409 337 talis
427 299 512 346 viri,
534 306 691 351 tamque
709 300 829 338 nostri
847 301 1065 349 necessarii,
1084 302 1207 341 hono·

81 364 165 390 rem
178 352 304 391 minui
317 365 385 405 per
403 360 454 400 te,
468 360 536 391 aut
548 352 742 404 impediri,
754 353 861 392 velis.
881 355 1072 394 Praeterea
1090 357 1208 395 AEso-

81 405 123 457 pi
153 406 326 459 tragoedi,
357 407 478 446 nostri
507 407 721 454 familiaris,
754 407 929 446 Licinius
959 422 1105 455 servus,
1137 411 1210 449 tibi

81 467 211 509 notus,
232 460 396 512 aufugit.
439 460 480 499 Is
499 461 669 500 Athenis
694 461 799 513 apud
832 462 1041 501 Patronem
1060 464 1210 515 Epicu-

81 527 194 554 reum
211 528 281 567 pro
298 516 418 554 libero
439 514 527 554 fuit.
570 514 669 553 Inde
694 515 736 554 in
761 515 902 554 Asiam
921 517 1038 555 venit.
1070 519 1208 558 Postea

82 567 197 608 Plato
215 567 377 622 quidam
396 569 620 619 Sardianus,
635 569 867 621 Epicureus,
885 570 953 621 qui
974 571 1138 610 Athenis
1148 586 1208 611 so-

79 622 135 662 let
153 637 232 663 esse
243 624 428 673 multum,
450 631 488 663 et
505 624 573 676 qui
588 631 673 662 tum
692 623 857 662 Athenis
872 624 1011 673 fuerat,
1029 639 1119 664 cum
1139 627 1210 664 Li-

81 677 205 718 cinius
224 691 269 717 eo
288 678 466 727 venisset,
486 691 577 717 cum
594 691 683 717 eum
699 678 908 729 fugitivum
923 687 1058 730 postea
1072 693 1150 719 esse
1162 693 1211 720 ex

82 732 223 784 AEsopi
243 731 364 771 literis
393 734 604 784 cognosset,
624 733 823 771 hominem
849 734 1153 785 comprehendit,
1173 743 1211 774 et

82 785 124 824 in
141 784 355 825 custodiam
373 786 520 838 Ephesi
551 786 733 833 tradidit3
764 786 829 825 sed
858 786 900 824 in
926 788 1138 839 publicam,
1159 801 1209 827 an

80 840 125 878 in
143 840 365 892 pistrinum,
385 853 463 879 non
482 841 573 879 satis
593 854 641 879 ex
659 840 779 879 literis
807 841 890 891 ejus
909 841 1124 894 intelligere
1139 857 1211 895 po-

84 895 246 934 tuimus.
294 895 376 943 Tu,
408 908 565 947 quoquo
590 895 721 943 modo,
748 895 933 961 quoniam
962 896 1109 948 Ephesi
1139 905 1209 945 est,

83 948 283 988 hominem
301 949 520 1001 investiges,
541 949 672 997 velim,
687 963 916 1001 summaque
931 949 1131 1002 diligentia
1150 927 1211 990 vei

82 1010 212 1042 tecum
224 1003 401 1043 deducas.
422 1003 518 1042 Noli
534 1010 715 1055 spectare,
730 1004 866 1056 quanti
876 1003 993 1043 homo
1005 1005 1078 1043 sit:
1102 1005 1212 1057 parvi

84 1057 189 1097 enim
207 1058 321 1110 pretii
340 1065 411 1104 est,
437 1057 505 1110 qui
528 1058 611 1107 jam
630 1057 742 1096 nihili
761 1058 834 1096 sit:
865 1058 931 1096 sed
956 1065 1062 1097 tanto
1081 1059 1211 1098 dolore

83 1112 256 1164 AEsopus
275 1119 331 1151 est
349 1112 507 1151 affectus
526 1118 681 1164 propter
695 1112 791 1151 servi
804 1112 924 1150 scelus
937 1118 974 1150 et
993 1113 1209 1161 audaciam,

83 1172 129 1205 ut
147 1166 245 1205 nihil
264 1167 299 1205 ei
317 1166 464 1218 gratius
479 1166 602 1204 facere
620 1166 755 1218 possis,
776 1178 896 1218 quam
910 1166 942 1205 si
960 1166 1076 1206 illum>
1087 1181 1156 1219 per
1174 1174 1212 1207 te

84 1219 331 1273 recuperarit.

140 1275 194 1314 V.
211 1276 330 1314 Nunc
344 1288 388 1314 ea
407 1286 602 1327 cognosce,
616 1288 703 1327 quae
715 1274 886 1313 maxime
898 1281 1067 1327 exoptas.
1088 1276 1211 1314 Rem-

84 1329 280 1382 publicam
300 1329 476 1367 funditus
496 1329 718 1367 amisimus:
752 1329 846 1367 adeo
865 1336 910 1367 ut
930 1328 1042 1377 Cato,
1065 1330 1212 1369 adoles-

87 1396 177 1423 cens
203 1383 352 1422 nullius
382 1383 544 1431 consilii,
566 1383 634 1421 sed
666 1390 796 1421 tamen
826 1382 919 1421 civis
936 1384 1154 1432 Romanus,
1176 1392 1214 1422 et

88 1438 200 1486 Cato,
221 1438 288 1477 vix
306 1437 416 1476 vivus
441 1437 649 1488 effugeret;
681 1437 799 1489 quod,
821 1450 912 1476 cum
932 1438 1146 1476 Gabinium
1166 1438 1214 1476 de

87 1492 238 1531 ambitu
257 1491 372 1531 vellet
389 1492 597 1543 postulare,
627 1504 753 1543 neque
784 1498 963 1543 praetores
989 1491 1124 1531 diebus
1143 1492 1213 1530 ali-

88 1553 184 1598 quot
202 1546 299 1586 adiri
326 1552 495 1598 possent,
522 1545 583 1584 vel
613 1552 840 1597 potestatem
874 1546 935 1583 sui
963 1546 1145 1593 facerent,
1172 1546 1213 1584 in

88 1601 310 1639 concionem
330 1599 539 1647 adscendit,
556 1606 593 1638 et
608 1600 842 1651 Pompeium
862 1600 1034 1651 privatus
1052 1600 1214 1639 dictato-

89 1667 173 1693 rem
199 1654 419 1707 appellavit.
461 1654 627 1705 Propius
646 1654 744 1692 nihil
764 1661 821 1692 est
838 1653 999 1702 factum,
1020 1667 1141 1705 quam
1169 1662 1214 1692 ut

89 1708 334 1747 occideretur.
362 1708 430 1747 Ex
447 1708 533 1757 hoc,
548 1708 618 1760 qui
636 1708 686 1748 sit
704 1714 824 1747 status
843 1708 961 1747 totius
979 1708 1213 1761 reipublicae,

89 1762 219 1802 videre
235 1770 354 1815 potes.

91 1836 94 1838 v
145 1817 301 1856 Nostrae
318 1824 448 1856 tamen
476 1830 600 1856 causae
617 1829 695 1855 non
715 1815 892 1855 videntur
909 1816 1084 1856 homines
1103 1817 1214 1856 defu-

90 1871 181 1911 turi.
210 1871 442 1910 Mirandum
459 1870 501 1909 in
519 1870 682 1909 modum
699 1870 941 1923 profitentur,
961 1871 1129 1910 offerunt
1156 1885 1210 1920 se,

91 1925 320 1978 pollicentur
336 1940 347 1963 τ
378 1932 416 1964 et
437 1924 596 1977 quidem
615 1938 706 1964 curn
732 1938 799 1976 spe
817 1937 906 1963 sum
919 1924 1107 1975 maxima,
1127 1933 1215 1964 tum

91 1981 238 2030 majore
275 1979 391 2018 etiam
425 1979 566 2018 animo.
611 1980 731 2030 Spero
763 1978 974 2031 superiores
1002 1980 1083 2018 fore
1113 1992 1207 2018 nos:

92 2033 242 2073 confido
260 2034 403 2081 animo,
415 2041 461 2072 ut
474 2033 514 2070 in
532 2033 605 2072 hac
623 2033 821 2085 republica
838 2044 888 2071 ne
905 2046 1038 2072 casum
1058 2033 1217 2084 quidem

93 2088 221 2126 unum
239 2087 530 2139 pertimescam:
562 2087 627 2126 sed
647 2094 777 2126 tamen
802 2099 861 2125 res
887 2087 939 2126 sic
958 2100 997 2125 se
1014 2087 1142 2125 habet.
1175 2087 1218 2125 Si

92 2141 196 2180 diem
215 2141 324 2181 nobis
343 2141 502 2181 Clodius
520 2141 686 2186 dixeritt,
716 2147 796 2180 tota
816 2140 931 2179 Italia
949 2148 1160 2189 concurret,
1173 2148 1220 2178 ut

93 2195 350 2247 multiplicata
368 2195 493 2248 gloria
517 2195 783 2238 discedamus.
812 2195 872 2236 sin
897 2201 1028 2236 autem
1047 2195 1086 2237 vi
1103 2207 1215 2252 agere

149 2250 320 2303 (Epist.)
345 2261 450 2293 von.
476 2261 548 2290 111.
876 2250 901 2287 2
924 2259 950 2289 c
