1498 2401
340 105 424 143 AD
449 104 736 144 AT'HCUM.
768 104 866 142 Lm.
893 102 1013 141 XVI.
1046 103 1083 138 8.
1194 99 1273 137 249

154 214 281 258 betur,
312 220 356 251 ut
387 213 435 251 sit
461 213 564 251 unde
586 226 655 264 par
680 212 763 264 pari
780 210 1078 263 respondeatur:
1115 207 1277 247 mirifica

156 266 259 304 enim
279 266 510 317 ὃυσχρηστια
530 275 585 305 est
608 274 762 318 propter
785 273 934 304 metum
954 263 1191 302 armorum.”
1228 261 1278 299 In

155 320 252 358 freto
270 319 396 358 medio
409 319 509 359 hanc
520 321 719 373 epistolam
733 320 824 371 legi,
839 326 897 367 ut,
911 318 1005 370 quid
1020 330 1173 369 possem
1192 328 1280 367 pro·

154 374 295 422 videre,
314 374 356 411 in
379 382 551 413 mentem
569 374 667 412 mihi
686 386 763 412 non
782 374 940 420 veniret,
960 372 1034 410 nisi
1053 379 1096 409 ut
1114 381 1280 423 praesens

155 440 219 465 me
237 428 317 480 ipse
335 428 589 468 defenderem.
618 428 695 468 Sed
708 428 790 467 haec
808 428 992 466 hactenus
1010 440 1020 464 ε
1051 425 1200 477 reliqua
1217 436 1281 463 co-

157 495 253 520 ram.

210 536 378 575 Antonii
407 536 575 575 edictum
599 537 677 588 legi
703 550 726 574 a
744 537 883 583 Bruto,
909 542 946 573 et
969 534 1109 572 horum
1136 539 1281 579 contra,

159 590 345 642 scriptum
366 591 559 642 praeclare.
591 591 668 631 Sed
685 591 780 642 quid
799 590 871 628 ista
890 589 1011 628 edicta
1030 587 1194 634 valeant,
1215 594 1284 624 aut

160 657 238 696 quo
263 652 446 696 spectent,
478 646 593 696 plane
623 657 700 683 non
725 644 862 683 video:
893 656 962 681 nec
990 655 1060 693 ego
1092 653 1195 678 nunc
1221 642 1285 693 (ut

158 699 307 737 Brutus
322 701 518 745 censebat)
529 699 627 738 istuc
644 699 694 737 ad
712 711 793 737 rem
805 698 1001 750 publicam
1016 694 1286 747 capessendam

162 752 286 791 venio.
316 753 425 801 Quid
444 753 546 791 enim
574 754 656 792 fieri
674 755 823 805 potest?
854 765 951 790 num
970 750 1056 802 quis
1077 748 1210 787 Pisoni
1229 756 1285 786 est

162 810 371 846 assensus?
409 819 506 845 num
537 807 650 846 rediit
678 808 760 859 ipse
790 805 1003 858 postridie?
1047 803 1124 843 Sed
1156 804 1287 841 abesse

161 861 262 900 hanc
280 868 432 900 aetatem
455 862 570 913 longe
592 875 615 899 a
636 862 808 913 sepulcro
827 866 970 912 negant
996 866 1180 910 oportere.
1210 856 1288 895 Sed

165 916 336 968 (obsecro
356 914 411 965 te)
433 915 528 967 quid
547 924 603 954 est
621 915 726 969 quod
740 915 869 954 audivi
888 915 935 952 de
955 914 1079 951 Bruto
1095 914 1113 950 Ρ
1143 911 1287 949 Piliam

164 972 402 1019 πειραζεσὲται
435 977 656 1020 παραλυσει,
686 977 724 1007 te
756 968 944 1021 scripsisse
982 967 1118 1005 aiebat.
1161 964 1289 1004 Valde

164 1036 253 1062 sum
272 1030 514 1069 commotum
547 1024 615 1062 etsi
640 1023 757 1072 idem,
784 1031 822 1061 te
848 1022 1021 1068 scribere,
1039 1032 1188 1072 sperare
1205 1032 1289 1057 me-

164 1078 252 1116 lius.
291 1078 354 1116 Ita
378 1078 492 1129 plane
511 1078 640 1116 velim.
681 1077 734 1115 Ei
758 1077 861 1115 dicas
879 1075 1089 1128 plurimam
1109 1074 1286 1121 salutem,

166 1139 204 1171 et
230 1132 466 1171 suavissimae
493 1132 643 1170 Atticae.
685 1132 784 1170 Haec
811 1130 943 1182 scripsi
970 1128 1168 1180 navigans,
1199 1140 1290 1166 cum

168 1186 451 1239 Pompeianum
470 1186 699 1234 accederem,
720 1186 828 1225 XIV
850 1183 1052 1225 calendas.

404 1350 493 1397 (8.)
523 1347 737 1388 CICERO
765 1344 986 1392 ATI'ICO
1015 1348 1055 1387 s.

226 1457 332 1498 Cum
365 1458 496 1504 sciam,
535 1471 613 1509 quo
643 1457 706 1496 die
737 1464 921 1496 venturus
953 1455 1041 1504 sim,
1065 1454 1219 1503 faciam,
1251 1462 1295 1492 ut

171 1513 278 1552 scias.
308 1512 593 1564 Impedimenta
611 1511 865 1563 exspectanda
883 1517 987 1558 sunt,
1009 1523 1097 1562 quae
1109 1508 1296 1560 Anagnia

173 1567 359 1613 veniunt;
381 1575 418 1604 et
435 1566 584 1605 familia
603 1579 704 1617 aegra
723 1573 789 1604 est.
821 1564 1016 1612 Calendis,
1032 1563 1193 1615 vesperi,
1213 1563 1298 1600 lite-

173 1634 227 1660 rae
244 1620 342 1659 mihi
360 1622 408 1659 ab
429 1620 654 1659 Octaviano.
692 1620 844 1672 Magna
871 1619 1040 1657 molitur.
1071 1618 1297 1664 Veteranos,

175 1675 314 1727 quiqui
344 1674 504 1713 Casilini
535 1683 572 1714 et
599 1673 759 1713 Calatiae
785 1681 887 1721 sunt,
908 1671 1089 1724 perduxit
1115 1671 1163 1709 ad
1188 1683 1299 1709 suam

177 1729 432 1767 sententiam:
471 1741 541 1767 nec
564 1729 732 1767 mirum:
770 1729 982 1780 quingenos
1011 1725 1186 1764 denarios
1217 1724 1296 1763 dat.

179 1782 335 1834 Cogitat
361 1783 526 1834 reliquas
555 1783 720 1822 colonias
749 1782 866 1821 obire.
909 1781 1031 1819 Plane
1048 1780 1121 1818 hoc
1140 1786 1297 1830 spectat,

178 1845 237 1886 ut,
258 1850 298 1875 se
316 1836 430 1884 duce,
442 1837 590 1875 bellum
607 1844 760 1888 geratur
775 1849 865 1875 cum
877 1834 1060 1874 Antonio.
1091 1834 1230 1885 Itaque
1244 1832 1301 1871 vi-

177 1892 249 1930 deo
268 1891 399 1942 paucis
428 1891 561 1929 diebus
588 1903 657 1929 nos
684 1891 725 1928 in
751 1890 867 1929 armis
892 1890 984 1928 fore.
1020 1888 1151 1936 Quem
1171 1895 1303 1925 autem

177 1946 416 1997 sequamur?
446 1945 548 1984 Vide
561 1957 701 1983 nomen
717 1959 728 1982 z
760 1944 845 1983 vide
857 1951 1021 1982 aetatem.
1046 1945 1182 1993 Atque
1200 1954 1223 1978 a
1240 1953 1305 1978 me

177 1999 361 2051 postulat,
387 1998 574 2050 primum,
600 2007 645 2037 ut
670 1999 768 2038 clam
796 1998 1035 2049 colloquatur
1052 2008 1221 2042 mecum,
1242 1994 1304 2033 vel

181 2054 341 2104 Capuae,
362 2052 422 2090 vel
441 2065 518 2091 non
531 2053 644 2104 longe
658 2067 682 2092 a
695 2053 844 2104 Capua.
875 2051 1028 2090 Puerile
1045 2050 1118 2088 hoc
1130 2048 1303 2100 quidem,

182 2107 216 2146 si
233 2107 273 2145 id
290 2113 402 2158 putat
420 2107 520 2145 clam
541 2106 619 2145 fieri
638 2120 759 2159 posse.
790 2105 918 2144 Docui
935 2118 1003 2157 per
1021 2104 1162 2150 literas,
1175 2102 1216 2140 id
1233 2114 1304 2141 nec

182 2175 280 2213 opus
310 2173 405 2208 esse,
434 2173 504 2198 nec
537 2160 618 2199 fieri
648 2174 769 2212 posse.
807 2160 920 2198 Misit
949 2158 999 2197 ad
1024 2171 1087 2196 me
1107 2155 1303 2196 Caecinam

184 2214 394 2268 quemdam
415 2215 726 2262 Volaterranum,
745 2213 974 2254 familiarem
988 2224 1118 2261 suum,
1138 2210 1207 2263 qui
1224 2210 1307 2249 haec
