1498 2401
263 138 346 177 AD
375 139 427 187 Q.
458 137 759 177 FRATREM.
790 138 889 176 Lm.
912 139 995 177 ΙΙΙ.
1017 141 1054 177 2.
1139 141 1217 179 329

153 247 202 286 A.
223 248 261 286 d.
292 245 357 286 VI
385 245 479 286 Idus
498 245 700 293 Octobres,
721 247 872 287 Salvius
899 247 1054 286 Ostiam
1074 248 1219 298 vesperi

96 302 186 340 navi
213 300 405 353 profectus
434 308 515 339 erat
547 314 636 339 cum
664 301 710 339 iis
736 303 849 340 rebus
879 315 975 352 quas
1003 301 1072 339 tibi
1102 301 1218 339 domo

94 355 198 394 mitti
220 355 404 393 volueras.
432 354 584 393 Eodem
613 354 674 392 die
703 355 915 394 Gabinium
945 355 995 393 ad
1025 355 1215 406 populum

92 410 288 448 luculente
311 409 530 448 calefecerat
555 408 784 457 Memmius,
812 410 878 457 sic,
902 416 947 447 ut
966 409 1116 447 Calidio
1135 423 1217 447 ver-

95 465 191 502 bum
208 463 331 501 facere
349 476 420 514 pro
438 476 481 501 eo
500 475 578 501 non
592 463 752 502 licuerit.
783 463 971 501 Postridie
986 470 1115 500 autem
1130 464 1163 512 ej
1170 476 1215 501 us

93 517 185 565 diei,
206 517 275 569 qui
293 526 372 555 erat
390 524 475 555 tum
494 516 661 564 futurus,
683 530 772 555 cum
795 517 878 555 haec
898 517 1108 555 scribebam
1127 524 1214 556 ante

93 571 236 620 lucem,
262 570 368 623 apud
397 571 584 609 Catonem
613 578 692 609 erat
717 570 900 609 divinatio
930 571 971 608 in
1002 570 1214 609 Gabinium

90 625 224 664 futura
251 625 351 664 inter
380 625 634 673 Memmium,
659 632 695 663 et
723 625 785 663 Ti.
810 625 1022 672 Neronem,
1053 632 1090 662 et
1109 624 1154 662 C.
1179 632 1215 663 et

92 679 141 718 L.
165 679 372 740 Antonios,
386 679 448 717 M.
461 679 571 717 filios.
605 679 846 717 Putabamus
858 679 951 727 fore,
968 686 1012 716 ut
1023 679 1216 717 Memmio

92 733 261 782 daretur,
277 733 347 772 etsi
366 740 445 772 erat
465 733 631 771 Neronis
644 733 743 771 mira
757 733 957 772 contentio.
987 732 1096 780 Quid
1111 746 1216 784 quae-

92 787 145 826 ris
166 789 184 826 ?
213 789 332 839 probe
360 787 562 839 premitur,
596 787 671 825 nisi
707 794 832 826 noster
866 786 1090 848 Pompeius,
1124 786 1213 824 Diis

93 841 392 893 hominibusque
418 842 563 889 invitis,
584 841 781 893 negotium
802 842 987 879 everterit.
1018 840 1213 891 Cognosce

94 907 198 934 nunc
215 896 383 934 hominis
402 895 617 945 audaciam,
637 903 674 935 et
689 895 864 948 aliquid
853 908 895 933 111
912 894 1110 947 republica
1128 908 1213 946 per-

88 949 175 988 dita
193 949 390 988 delectare.

147 1004 251 1043 Cum
272 1004 476 1052 Gabinius,
498 1002 744 1056 quacumque
761 1003 950 1052 veniebat,
971 1003 1209 1055 triumphum

92 1071 133 1096 se
161 1059 354 1109 postulare
397 1058 567 1103 dixisset,
606 1059 809 1110 subitoque
845 1060 969 1096 bonus
1006 1058 1214 1118 imperator

90 1121 206 1150 noctu
224 1111 265 1150 in
289 1114 440 1160 urbem,
460 1112 631 1151 hostium
658 1113 786 1164 plane,
806 1111 1015 1158 invasisset,
1044 1112 1085 1149 in
1105 1124 1213 1149 sena-

93 1172 179 1203 tum
199 1179 238 1204 se
258 1178 338 1205 non
356 1167 630 1205 committebat
661 1166 837 1214 Interim,
862 1165 946 1217 ipso
968 1165 1116 1204 decimo
1136 1165 1210 1213 die,

89 1232 169 1271 quo
186 1220 316 1272 ipsum
334 1222 531 1272 oportebat
551 1221 722 1259 hostium
746 1232 953 1258 numerum
979 1227 1016 1257 et
1040 1219 1212 1257 militum

90 1274 325 1322 renuntiare,
362 1274 567 1327 [irrepsit,]
607 1274 763 1313 summa
790 1273 1057 1325 infrequentia.
1108 1272 1212 1312 Cum

91 1328 207 1366 vellet
238 1328 356 1372 exire..
389 1342 412 1367 a
444 1329 663 1368 consulibus
692 1336 859 1367 retentus
889 1335 970 1366 est:
1006 1327 1211 1365 introducti

91 1382 299 1434 publicani.
329 1383 463 1421 Homo
480 1383 653 1435 undique
671 1390 790 1431 actus,
811 1394 901 1421 cum
919 1395 943 1420 a
960 1394 1023 1420 me
1041 1381 1211 1419 maxime

91 1436 367 1486 vulneraretur,
393 1449 471 1476 non
493 1437 608 1484 tulit;
639 1445 677 1476 et
704 1450 767 1475 me
786 1436 963 1475 trementi
988 1449 1078 1474 voce
1097 1447 1211 1473 exsu-

91 1490 168 1528 lem
188 1491 406 1543 appellavit.
437 1491 532 1539 Hic,
554 1492 596 1543 (o
615 1491 685 1529 Dii
703 1491 712 1529 !
744 1491 842 1529 nihil
862 1503 1038 1542 unquam
1056 1489 1211 1527 honori--

90 1544 264 1583 ficentius
282 1545 391 1584 nobis
409 1544 561 1595 accidit)
592 1545 828 1584 consurrexit
846 1551 999 1583 senatus
1025 1557 1115 1583 cum
1134 1544 1210 1581 cla-=

88 1611 212 1647 more,
236 1599 286 1637 ad
315 1612 470 1651 unum,
486 1600 552 1649 sic,
577 1607 622 1638 ut
650 1599 700 1638 ad
724 1613 860 1651 corpus
884 1600 966 1648 ejus
991 1597 1208 1637 accederet.

90 1652 175 1704 pari
193 1653 358 1692 clamore
376 1661 491 1705 atque
505 1655 653 1706 impetu
671 1653 878 1716 publicani.
908 1652 1018 1701 Quid
1037 1651 1201 1703 quaeris.
1191 1655 1210 1679 ’θ

91 1719 240 1768 omnes,
258 1714 461 1760 tamquam
479 1708 513 1746 si
535 1716 580 1747 tu
598 1721 712 1757 esses,
736 1709 791 1746 ita
807 1707 976 1746 fuerunt.
1009 1705 1123 1745 Nihil
1141 1706 1210 1744 ho-

91 1761 245 1800 minum
264 1774 437 1800 sermone
459 1762 550 1801 foris
578 1762 728 1802 clarius.
753 1762 842 1813 Ego
869 1768 999 1800 tamen
1024 1768 1133 1799 teneo
1161 1761 1209 1798 ab

89 1815 303 1854 accusando
330 1815 412 1865 viX,
444 1817 687 1855 mehercule:
728 1815 794 1855 sed
828 1822 959 1854 tamen
994 1822 1118 1863 teneo,
1149 1815 1210 1852 vel

93 1869 200 1921 quod
217 1870 307 1908 nolo
325 1883 415 1908 cum
444 1870 632 1923 Pompeio
655 1883 842 1924 pugnare,
875 1869 981 1913 (satis
1006 1882 1044 1908 es
1047 1876 1076 1917 t,
1105 1867 1208 1919 quod

93 1923 214 1962 instat
231 1924 280 1962 de
298 1924 466 1973 Milone)
485 1926 546 1964 vel
564 1925 669 1977 quod
683 1924 830 1986 judices
848 1923 975 1962 nullos
992 1924 1207 1961 habemus:

95 1992 312 2027 αποτευγμα
333 1977 509 2017 formido.
537 1939 656 2017 Addo
680 1979 797 2017 etiam
815 1976 1123 2016 malevolentiam
1140 1975 1210 2013 ho-

95 2031 277 2070 minum:
306 2038 345 2070 et
361 2032 493 2082 timeo,
512 2046 562 2072 ne
577 2033 650 2082 1111,
669 2046 733 2072 me
751 2039 963 2079 accusante,
983 2029 1131 2082 aliquid
1148 2042 1210 2068 ac-

94 2085 220 2124 cidat:
250 2097 320 2125 nec
338 2086 509 2138 despero,
528 2100 625 2137 rem,
644 2094 681 2127 et
700 2087 780 2126 sine
797 2099 875 2134 me,
895 2093 933 2125 et
949 2083 1125 2124 nonnihil
1143 2096 1212 2135 per

98 2151 176 2187 me,
197 2139 330 2179 confici
348 2154 469 2193 posse.

152 2193 215 2232 De
233 2194 382 2234 ambitu
401 2196 583 2248 postulati
608 2203 698 2235 sunt
722 2207 855 2234 omnes
884 2194 952 2247 qui
972 2193 1212 2232 consulatum

96 2254 258 2298 petunt3
289 2262 311 2287 a
331 2249 536 2298 Memmio,
564 2250 787 2297 Domitius3
819 2264 840 2288 a
870 2250 923 2296 Q.
945 2248 1091 2295 Curtio,
1113 2248 1213 2284 bono

839 2305 862 2341 2
885 2314 910 2341 1²·
933 2304 957 2340 3
