1467 2401
166 97 220 135 66
374 97 457 136 AD
486 94 769 137 ATTICUM.
797 95 899 135 Lm·
924 95 979 136 X.
1010 95 1073 135 16.

162 211 288 244 totum
301 204 544 253 remisissem,
559 205 590 243 si
603 204 829 253 advenisset,
849 204 929 256 quiz
946 211 1075 243 mente
1088 209 1132 242 tu
1150 202 1201 242 ad
1218 215 1282 243 me

163 259 373 310 scripseras
403 260 501 298 Erat
519 259 622 298 enim
641 259 694 298 sic
714 259 755 297 in
774 258 850 297 tuis
867 259 999 306 literis,
1020 271 1117 310 quas
1138 258 1282 309 Arpini

161 326 394 364 acceperam
420 326 510 351 eum
530 320 752 361 venturum,
772 313 1057 364 facturumque,
1077 311 1182 364 quod
1213 325 1284 363 ego

161 367 312 406 vellem.
354 367 442 418 Ego
467 368 643 406 volebam
662 375 808 428 autem,
828 367 889 405 vel
915 367 1118 418 cupiebam
1136 365 1280 418 potius,

160 433 239 460 esse
258 434 348 459 eum
366 421 589 460 nobiscum.
621 421 725 473 quod
743 420 836 473 quia
859 421 987 472 plane,
1010 433 1101 459 cum
1117 419 1159 458 in
1187 419 1284 458 For-

160 475 337 513 mianum
361 475 539 523 venisset,
559 475 794 528 praeciderat,
825 475 994 526 asperius
1017 474 1066 512 ad
1095 481 1134 512 te
1160 473 1209 512 de
1237 487 1283 512 eo

161 529 321 568 scribere
346 529 528 568 solebam.
572 530 632 567 At
659 529 738 577 isse,
768 542 959 580 perpauca
987 528 1153 576 locutus,
1183 527 1284 567 hanc

158 595 355 622 summam
380 583 517 622 habuit
535 583 739 629 orationis3
769 591 814 621 ut
833 583 906 621 sibi
933 582 1196 633 ignoscerem;
1225 595 1280 632 se,

159 638 274 676 rebus
289 637 366 676 suis
383 637 630 689 impeditum,
650 613 878 676 nobiscum
868 650 923 675 ire
941 649 1019 675 non
1037 649 1159 688 posse.

214 691 346 730 Pauca
363 691 568 743 respondi;
589 704 775 743 magnum
797 690 924 742 accepi
942 690 1137 729 dolorem:
1167 690 1283 729 intel-

160 745 239 784 lexi
257 745 453 784 fortunam
472 747 520 784 ab
539 759 583 784 eo
605 753 775 783 nostram
803 745 1018 796 despectam
1041 757 1131 783 esse.
1174 744 1284 792 Quid

160 799 329 851 quaeris?
348 800 524 838 Fortasse
536 799 754 838 miraberis:
775 799 816 837 in
835 798 1015 837 maximis
1033 799 1173 837 horum
1185 806 1284 837 tem-

158 866 298 905 porum
313 853 507 892 doloribus
520 854 625 892 hunc
642 853 740 891 mihi
751 853 843 892 scito
862 866 951 891 esse.
981 853 1128 900 Velim,
1147 859 1193 890 ut
1211 853 1281 891 tibi

159 907 305 946 amicus
318 908 378 945 sit.
409 908 496 946 Hoc
511 920 600 946 cum
613 908 683 945 tibi
697 915 800 959 opto,
813 915 904 958 opto
915 913 959 944 ut
972 908 1106 945 beatus
1117 906 1188 945 sis:
1211 906 1281 945 erit

159 961 263 1000 enim
281 961 443 1000 tamdiu.

212 1015 431 1054 Consilium
459 1023 632 1055 nostrum
652 1028 760 1068 spero
784 1027 951 1054 vacuum
976 1014 1145 1066 periculo
1171 1013 1252 1053 fore
1266 1029 1279 1053 z

156 1082 249 1107 nam
267 1077 306 1108 et
326 1070 668 1119 dissimulabimus,
690 1077 727 1108 et
745 1070 811 1121 (ut
838 1068 991 1121 opinor)
1011 1069 1193 1108 acerrime
1211 1068 1281 1107 ad-

156 1123 415 1163 servabimus:
446 1124 639 1175 navigatio
657 1124 773 1162 modo
793 1123 856 1171 sit,
877 1124 1034 1175 qualem
1059 1130 1163 1175 opto.
1193 1122 1279 1161 Cae-

155 1186 248 1226 tera,
269 1192 356 1230 quae
378 1178 536 1229 quidem
564 1178 720 1217 consilio
745 1177 936 1230 provideri
953 1184 1148 1229 poterunt,
1169 1189 1278 1216 cave-

152 1233 310 1270 buntur.
341 1233 422 1280 Tu,
444 1232 540 1270 dum
558 1233 756 1279 adsumus,
784 1244 861 1270 non
883 1231 1012 1279 modo,
1034 1245 1122 1283 quae
1150 1230 1277 1270 scieris

154 1285 378 1334 audierisve,
399 1286 465 1325 sed
483 1287 599 1325 etiam
618 1299 706 1338 quae
722 1286 854 1324 futura
871 1285 1100 1338 providebis,
1121 1284 1277 1334 scribas,

155 1340 287 1378 velim.

209 1394 319 1443 Cato,
341 1395 410 1446 qui
432 1395 602 1434 Siciliam
621 1402 748 1433 tenere
766 1394 874 1432 nullo
893 1394 1044 1446 negotio
1062 1393 1202 1446 potuit,
1224 1400 1276 1442 et,

154 1448 391 1495 sitenuisset,
413 1461 544 1488 omnes
561 1450 653 1488 boni
681 1449 730 1486 ad
755 1462 844 1487 eum
865 1461 903 1486 se
922 1448 1183 1496 contulissent,
1204 1448 1277 1499 Sy-

153 1502 296 1541 racusis
314 1503 505 1554 profectus
525 1510 581 1541 est
600 1510 687 1541 ante
706 1503 809 1541 diem
828 1502 941 1541 VIII
961 1503 1044 1541 Cal.
1066 1501 1210 1549 Maias,
1231 1508 1277 1540 ut

152 1556 203 1595 ad
220 1569 284 1595 me
297 1557 414 1595 Curio
430 1557 587 1609 scripsit.
612 1557 771 1596 Utinam
789 1557 910 1608 (quod
923 1556 1049 1604 aiunt)
1063 1555 1176 1594 Cotta
1187 1556 1278 1595 Sar-

152 1610 296 1648 diniam
318 1618 443 1649 teneat
459 1611 468 1648 !
501 1618 557 1649 est
571 1611 674 1649 enim
693 1624 836 1649 rumor.
867 1610 921 1660 O,
941 1611 975 1649 si
991 1610 1033 1649 id
1050 1609 1181 1659 fuerit,
1193 1615 1278 1648 tur-

152 1677 244 1716 pem
260 1665 447 1704 Catonem
471 1665 480 1702 !

206 1718 308 1770 Ego,
335 1726 380 1757 ut
400 1719 614 1758 minuerem
648 1719 901 1771 suspicionem
933 1717 1176 1771 profectionis
1207 1724 1276 1756 aut

149 1772 387 1823 cogitationis
401 1786 511 1822 meae,
527 1773 718 1825 profectus
731 1787 817 1812 sum
828 1774 869 1811 in
885 1773 1165 1825 Pompeianum
1185 1785 1218 1810 a.
1234 1771 1275 1810 d.

151 1826 217 1865 IV
237 1825 346 1875 Idus,
376 1838 421 1865 ut
439 1827 494 1865 ibi
519 1841 655 1875 essem,
683 1828 794 1875 dum,
822 1841 910 1879 quae
941 1827 992 1865 ad
1009 1826 1274 1877 navigandum

149 1892 248 1932 opus
269 1888 404 1928 essent,
424 1889 662 1932 pararentur.
706 1882 809 1920 Cum
837 1881 887 1919 ad
911 1881 1044 1920 villam
1071 1880 1274 1927 venissem,

150 1942 311 1972 ventum
326 1943 381 1974 est
392 1935 441 1972 ad
453 1948 516 1974 me
530 1949 541 1981 ;
564 1936 801 1974 centuriones
813 1935 932 1974 trium
944 1934 1173 1983 cohortium,
1186 1947 1275 1985 quae

151 1988 347 2040 Pompeiis
366 1997 468 2036 sunt,
484 2002 547 2028 me
562 1990 658 2028 velle
671 1990 864 2041 postridie.
894 1990 993 2028 Haec
1003 2001 1158 2027 mecum
1172 1988 1212 2026 N
1216 1988 1277 2026 in-

149 2042 239 2081 nius
256 2051 407 2089 noster;
439 2044 536 2082 velle
553 2056 614 2082 eos
639 2043 737 2081 mihi
765 2057 803 2082 se
834 2050 872 2082 et
895 2043 1085 2095 oppidum
1114 2041 1276 2081 tradere.

151 2096 211 2134 At
229 2109 298 2147 ego
317 2097 386 2135 tibi
400 2097 579 2148 postridie
591 2111 614 2135 a
633 2098 725 2135 villa
744 2106 833 2136 ante
843 2098 985 2146 lucem,
1006 2104 1051 2135 ut
1067 2108 1132 2135 me
1149 2095 1276 2134 omni-

152 2162 202 2188 no
219 2150 277 2188 illi
291 2163 340 2188 ne
359 2151 539 2189 viderent.
570 2151 678 2199 Quid
693 2152 797 2190 enim
816 2159 897 2190 erat
910 2152 950 2190 in
971 2151 1093 2190 tribus
1110 2149 1276 2188 cohorti-

153 2205 253 2243 bus?
273 2204 381 2256 quid,
403 2205 433 2244 si
453 2206 603 2257 plures?
624 2219 700 2257 quo
720 2209 933 2258 apparatu?
955 2204 1130 2257 Cogitavi
1142 2203 1275 2244 eadem
