1498 2401
236 130 316 166 352
485 129 568 168 AD
597 129 861 169 BRUTUM.
892 129 1050 169 El‘is'r.
1067 131 1104 168 8.

236 237 284 284 ei,
306 236 375 288 qui
402 237 582 277 Flavium
611 238 701 276 fecit
719 237 924 286 haeredem,
951 237 1155 289 pecuniam
1183 235 1357 275 debuerit

234 290 380 338 civitas,
408 304 485 330 non
504 299 561 330 est
587 293 778 330 dubium:
810 305 934 344 neque
955 290 1216 343 Dyrrhachiui
1233 290 1358 329 infici-

235 353 378 390 antur;
408 346 473 384 sed.
502 346 574 385 sibi
600 346 786 384 donatum
813 360 863 384 aes
888 345 1058 384 alienum
1084 359 1107 383 a
1125 344 1274 389 Caesare
1298 345 1358 382 di-

234 406 338 436 cunt.
368 400 464 437 Noli
482 400 576 451 pati,
597 414 620 438 a
638 400 854 438 necessariis
872 400 948 438 tuis
967 398 1175 438 necessario
1193 411 1280 437 meo
1297 398 1361 436 in-

231 452 376 500 juriam
395 453 490 492 fieri.
520 454 653 494 XVII
666 454 824 492 Calend.
837 454 935 492 Jun.
949 466 998 491 ex
1009 453 1153 501 castris,
1173 453 1224 491 ad
1237 453 1357 490 imam

245 505 502 546 Candaviam.

427 611 516 665 (7.)
546 613 776 653 BRUTUS
807 612 1092 652 CICERONI
1123 613 1163 651 S.

295 721 621 782 (zi-rgumentum.
633 748 687 755 --
702 721 751 761 L.
764 721 957 760 Bibulum
969 726 1014 760 ut
1032 720 1073 758 in
1086 720 1224 767 Pansae
1234 719 1363 762 locum

245 785 432 823 nominet,
453 785 594 827 rogat.)

286 882 432 921 Lucius
451 884 618 923 Bibulus
637 897 756 936 quam
775 897 883 923 carus
900 883 998 922 mihi
1013 897 1092 923 esse
1111 883 1259 930 debeat,
1287 895 1354 921 ne-

233 948 299 974 mo
317 938 455 975 melius
471 938 641 986 judicare
659 946 798 990 potest,
815 951 934 990 quam
953 946 1011 985 tu,
1032 939 1142 987 cujus
1160 944 1276 975 tantae
1290 949 1360 988 pro

236 991 435 1041 republica
453 992 711 1030 contentiones
726 992 1075 1043 sollicitudinesque
1086 991 1255 1029 fuerunt.
1285 992 1365 1029 Ita-

236 1057 312 1094 que
331 1045 391 1082 vel
415 1045 533 1096 ipsius
563 1046 696 1094 virtus,
724 1047 784 1084 vel
808 1054 936 1084 nostra
966 1045 1216 1093 necessitudo,
1245 1044 1358 1082 debet

238 1098 437 1136 conciliare
457 1106 494 1137 te
524 1100 605 1137 illi:
644 1113 721 1151 quo
744 1100 873 1138 minus
900 1100 1026 1138 multa
1052 1099 1150 1137 mihi
1169 1097 1366 1137 scribenda

235 1164 314 1190 esse
333 1153 505 1191 arbitror.
535 1154 727 1192 Voluntas
740 1154 842 1192 enim
861 1161 899 1192 te
916 1166 1068 1192 movere
1086 1153 1198 1191 debet
1217 1159 1358 1199 nostra,

236 1205 269 1242 si
287 1206 401 1245 modo
417 1208 522 1255 justa
541 1215 611 1255 est,
642 1216 709 1246 aut
730 1221 800 1259 pro
825 1207 948 1246 officio
972 1207 1180 1246 necessario
1204 1206 1362 1257 suscipi-

236 1266 312 1298 tur.
341 1259 390 1297 In
405 1261 542 1299 Pansae
556 1262 684 1300 locum
699 1270 826 1313 petere
839 1261 1045 1300 constituit.
1072 1261 1175 1299 Eam
1187 1260 1362 1299 nomina-

235 1313 380 1352 tionem
400 1328 422 1352 a
442 1323 478 1352 te
496 1316 675 1367 petimus.
705 1317 846 1367 Neque
871 1315 1122 1365 conjunctiori
1140 1315 1230 1353 dare
1247 1316 1362 1352 bene-

237 1368 383 1417 ficium,
397 1382 515 1419 quam
531 1382 599 1408 nos
617 1369 688 1407 tibi
699 1383 847 1418 sumus,
860 1382 986 1421 neque
1005 1369 1216 1420 digniorem
1237 1368 1362 1406 nomi-

238 1433 343 1470 nare,
367 1431 487 1473 poteS‚
503 1437 621 1474 quam
634 1424 837 1462 Bibulum.
867 1423 931 1461 De
942 1423 1117 1461 Domitio
1137 1429 1174 1460 et
1191 1421 1362 1473 Apuleio

238 1475 335 1527 quid
353 1476 488 1515 attinet
511 1490 573 1515 me
597 1477 770 1525 scribere,
794 1490 885 1515 cum
909 1477 984 1528 ipsi
1007 1489 1076 1528 per
1101 1489 1140 1514 se
1162 1476 1233 1514 tibi
1257 1487 1363 1513 com-

236 1528 516 1568 mendatissimi
535 1531 611 1569 sint
626 1534 643 1570 Ρ
674 1531 890 1583 Apuleium
905 1543 993 1569 vero
1005 1538 1048 1568 tu
1061 1528 1127 1568 tua
1138 1529 1361 1568 auctoritate

235 1583 420 1623 sustinere
445 1584 570 1623 debes.
611 1585 687 1623 Sed
709 1585 903 1636 Apuleius
925 1585 966 1622 in
992 1583 1062 1622 sua
1086 1584 1246 1635 epistolii
1264 1583 1362 1622 cele·

237 1637 422 1675 brabitur.
458 1639 651 1676 Bibulum
676 1639 756 1677 noli
780 1638 972 1676 dimittere
1003 1651 1051 1676 ex
1071 1638 1157 1676 sinu
1175 1645 1256 1685 tuo,
1277 1643 1362 1674 tan-

237 1698 321 1728 tum
338 1692 421 1740 jam
447 1692 588 1740 virum,
610 1705 658 1730 ex
684 1700 828 1744 quanto
855 1692 980 1736 (crede
998 1691 1111 1740 mihi)
1130 1697 1255 1743 potest
1273 1703 1361 1733 eva,-

234 1743 338 1793 dere,
358 1745 425 1796 qui
445 1746 575 1784 vestris
594 1759 806 1798 paucorum
825 1745 1051 1798 respondeat
1068 1745 1261 1788 laudibus.

481 1907 570 1960 (8.)
602 1908 816 1949 CICERO
845 1908 1046 1948 BRUTO
1076 1909 1117 1948 S.

289 2014 348 2067 (A
354 2016 827 2067 rgumenta-mffl-Caium
845 2017 888 2056 N
889 2017 1105 2066 asenniam,
1125 2015 1360 2068 municipem

238 2068 488 2119 Suessanum,
508 2070 784 2121 commendat.)

289 2174 441 2216 Multos
459 2178 531 2218 tibi
549 2177 828 2228 commendavi,
844 2185 895 2226 et,
916 2178 1196 2227 commendem,
1212 2189 1360 2216 necesse

237 2235 305 2267 est.
337 2229 524 2281 Optimus
543 2233 647 2272 enim
672 2232 837 2284 quisque
856 2233 913 2272 vir
939 2239 976 2271 et
1001 2233 1093 2272 civis
1111 2232 1282 2271 maxime
1301 2243 1358 2269 se-
