1467 2401
365 95 450 134 AD
477 92 766 135 ATTICUM.
794 91 897 131 LIB.
918 91 1022 131 XII.
1050 93 1090 132 3.
1215 93 1290 133 101

396 202 487 257 (2.)
517 201 732 243 CICERO
759 199 980 241 ATTICO
1007 201 1052 240 S.

224 311 306 352 Hic
335 325 506 351 rumores
525 320 654 351 tamen
681 310 868 349 Murcum
890 309 1045 372 periisse
1063 309 1290 361 naufragio·

169 366 354 406 Asinium
373 367 544 405 delatum
564 366 626 404 viv
627 379 696 403 um
725 365 765 402 in
784 376 924 402 manus
949 363 1146 409 miiitum3
1177 365 1294 415 quin..

170 421 355 472 quaginta
373 434 488 460 naves
508 420 702 459 delatasin
716 418 873 457 Uticam
892 417 1024 456 reflatu
1044 417 1141 463 hoc;
1176 419 1297 457 Pom-

169 475 303 526 peium
332 488 409 513 non
440 487 671 526 comparere,
705 485 774 511 nec
806 473 847 510 in
880 471 1106 510 Balearibus
1136 474 1292 511 omnino

169 529 302 578 fuisse,
322 538 367 568 ut
396 529 570 568 Patietus
594 528 784 566 affirmat:
814 526 882 565 sed
904 534 1035 564 auctor
1064 526 1211 564 nullius
1238 527 1294 566 rei

171 583 392 635 quisquam.

225 637 372 686 Habes,
394 652 495 690 quae,
516 637 612 675 dum
641 643 684 673 tu
704 638 807 684 abes,
833 633 986 672 locutie
971 641 1070 672 sunt,
1101 634 1243 673 Ludi
1231 648 1292 673 111-

170 697 273 729 terea
292 693 495 730 Praeneste.
530 691 592 729 Ibi
622 690 789 737 Hirtius,
812 696 849 726 et
867 688 930 726 isti
949 700 1106 726 omnes:
1139 697 1176 727 et
1206 689 1294 739 qui-

170 745 259 784 dem
279 745 361 783 ludi
380 746 458 785 dies
477 753 573 784 octo.
603 744 705 792 Quae
731 743 870 782 coenae!
903 756 991 794 quae
1009 742 1178 781 deliciae!
1211 744 1292 782 Res

169 799 313 838 interea
330 800 488 839 fortasse
513 806 702 838 transacta
720 806 787 837 est.
818 796 856 835 O
884 797 1001 834 miros
1019 796 1221 835 homines!
1253 806 1294 836 at

170 853 320 892 Balbus
353 855 541 893 aedifieat·
530 883 542 900 ‚
584 869 620 891 τι
653 867 722 903 γαρ
754 866 851 898 αυτῳ
884 857 1016 899 μελει.
1007 853 1024 877 ⁹
1059 851 1223 895 Verum,
1259 851 1291 890 si

169 908 325 959 quaeris,
345 909 494 947 homini
511 921 590 946 non
615 915 729 953 recta,
760 906 825 944 sed
852 905 1067 956 voluptaria
1089 906 1290 956 quaerenti,

170 974 298 1000 nonne
317 960 522 1008 βεὲιωται.
512 965 530 991 9
559 962 627 1000 Tu
641 962 784 999 interea
795 959 950 998 dormis.
982 959 1012 997 J
1014 971 1077 997 am
1097 960 1293 1011 explican-

169 1015 263 1054 dum
285 1023 341 1055 est
359 1017 569 1067 προὲληαα,
586 1016 617 1054 si
629 1015 724 1067 quid
738 1022 892 1053 acturus
905 1026 957 1051 eS.
989 1013 1031 1052 Si
1046 1014 1184 1064 quae1is
1199 1014 1293 1066 quid

169 1077 320 1121 putem,
341 1084 411 1122 ego
428 1071 599 1108 fructum
617 1077 724 1121 put0.
754 1068 830 1108 Sed
856 1067 958 1133 quid
968 1068 1126 1106 multa?
1153 1069 1235 1117 jam
1254 1076 1293 1107 te

169 1124 332 1163 videbo:
364 1132 401 1162 et
420 1125 593 1176 quidem,
614 1132 658 1162 ut
678 1137 801 1174 spero,
828 1122 876 1160 de
903 1120 977 1170 via,
1009 1120 1112 1159 recta
1133 1122 1182 1160 ad
1199 1135 1290 1161 me.

167 1178 286 1216 simul
305 1178 409 1217 enim
428 1186 466 1217 et
494 1178 598 1217 diem
623 1177 866 1230 Tyrannioni
890 1176 1177 1227 constituemus,
1205 1184 1243 1216 et
1261 1177 1293 1216 si

168 1231 264 1284 quid
283 1232 404 1271 aliud.

399 1391 488 1447 (3.)
521 1392 738 1434 CICERO
766 1390 992 1432 ATTICO
1021 1393 1062 1432 5.

218 1501 358 1541 Unum
383 1509 421 1542 te
438 1509 534 1554 puto
558 1502 689 1540 minus
712 1501 900 1541 blandum
927 1514 1019 1549 esse,
1047 1514 1166 1553 quam
1196 1514 1288 1541 me:

166 1563 217 1604 et,
249 1556 281 1595 si
313 1565 474 1609 uterque
503 1559 676 1595 nostram
700 1564 754 1595 est
777 1556 985 1608 aliquando
1013 1556 1193 1595 adversus
1221 1557 1292 1595 ah'-

166 1623 298 1662 quem,
318 1611 417 1650 inter
434 1624 503 1650 nos
522 1618 620 1650 certe
639 1624 840 1663 nunquam
860 1623 1006 1649 sumus.
1035 1611 1145 1648 Audi
1173 1611 1292 1662 igitur

164 1677 229 1703 me
246 1665 319 1704 hoc
339 1681 568 1712 αγοητευτως
593 1665 782 1703 dicentem
800 1680 810 1704 ε
839 1677 888 1703 ne
908 1664 1050 1712 vivam,
1071 1665 1127 1702 mi
1145 1665 1289 1712 Attice,

166 1719 199 1757 si
217 1719 328 1767 mihi,
349 1731 426 1757 non
444 1719 559 1757 modo
578 1718 846 1758 Tusculanum
870 1719 956 1763 (ubi
982 1719 1184 1770 caeteroqui
1203 1732 1291 1758 sum

165 1772 361 1820 libenter),
382 1773 447 1812 sed
466 1789 638 1824 μακαρω»
655 1790 689 1817 »η
698 1789 751 1811 σοι
772 1774 869 1812 tanti
888 1780 991 1821 sunt,
1012 1781 1056 1810 ut
1068 1773 1149 1812 sine
1166 1781 1204 1811 te
1215 1774 1290 1811 sim

165 1833 264 1866 totos
296 1828 388 1866 dies.
418 1828 564 1876 Quare,
603 1828 812 1866 obduretm:
840 1828 912 1865 hoc
948 1827 1147 1873 triduum3
1178 1835 1223 1865 ut
1252 1835 1290 1866 te

165 1894 321 1933 quoque
334 1895 477 1933 ponam
491 1881 532 1918 in
547 1881 680 1920 eodem
694 1881 797 1919 παθει
815 1896 826 1919 z
857 1881 961 1933 quod
975 1881 1029 1919 ita
1041 1889 1095 1919 aet
1107 1881 1288 1933 profecto.

167 1935 244 1974 Sed
263 1936 379 1974 velim
397 1935 503 1983 scire,
522 1935 684 1974 hodiene
702 1935 832 1974 statim
850 1935 897 1974 de
916 1935 1104 1984 auctione,
1126 1942 1193 1973 aut
1212 1948 1290 1987 quo

168 1989 231 2028 die
249 1991 389 2028 venias.
418 1990 506 2040 Ego
523 2003 587 2028 me
605 1990 747 2029 interea
765 2003 854 2028 cum
872 1990 1036 2028 libellis:
1067 2003 1111 2028 ac
1129 1990 1290 2028 moleste

167 2043 262 2092 fero,
284 2044 478 2083 Vennonii
495 2057 559 2082 me
576 2045 776 2082 historiam
794 2057 871 2083 non
888 2044 1040 2082 habere.

221 2098 298 2137 Sed
326 2105 471 2147 tamen,
498 2110 547 2136 ne
564 2099 662 2137 nihil
686 2098 733 2136 de
758 2112 812 2147 re,
840 2111 981 2137 nomen
999 2098 1111 2147 illud,
1141 2096 1246 2149 quod
1264 2110 1290 2136 a

168 2150 332 2202 Caesare,
367 2160 442 2192 (τω
472 2153 589 2192 habet
616 2152 864 2203 conditiones,
901 2159 970 2191 aut
999 2152 1206 2192 emtionem
1237 2153 1289 2191 ab

946 2218 974 2246 x
991 2207 1017 2244 3
