1498 2401
355 106 440 148 AD
468 104 755 146 ATTICUM.
785 105 887 145 111ss.
908 106 1031 147 XIV.
1060 109 1121 155 17.
1238 110 1314 156 197

180 258 183 260 ,
231 217 286 267 Q.
300 217 404 257 filius
422 216 473 255 ad
485 221 637 268 patrem
649 215 911 255 acerbissimas
929 216 1059 257 literas
1072 219 1199 258 misit:
1222 233 1311 271 quae

176 280 269 314 sunt
297 272 332 312 ei
364 271 536 319 redditae,
564 283 655 309 cum
680 269 915 309 venissemus
934 271 975 310 in
995 273 1310 326 Pompeianum3

176 340 344 381 quarum
365 334 496 365 tamen
516 332 596 363 erat
614 332 744 376 caput,
773 325 991 377 Aquilliam
1011 340 1214 366 novercam
1233 341 1311 367 non

174 395 256 422 esse
273 382 458 420 laturum.
488 379 566 420 Sed
576 380 649 418 hoc
660 380 856 419 tolerabile
869 380 1037 420 fortasse.
1062 381 1171 420 Illud
1192 396 1280 422 vero
1291 386 1310 422 ἓ

176 438 206 460 “
226 450 265 476 se
290 438 340 475 ab
365 436 516 475 Caesare
541 434 720 473 habuisse
750 434 896 483 omnia,
922 435 979 473 nil
1002 450 1025 474 a
1049 445 1158 488 patre
1180 451 1191 483 3
1223 437 1313 475 reli-

175 505 255 544 qua
282 503 433 544 sperare
463 491 513 528 ab
532 488 744 528 Antonio.'’
785 489 824 529 O
854 489 1050 542 perditum
1076 491 1306 530 hominem!

174 546 243 586 sed
260 553 358 594 μελη
367 561 434 584 σει.

175 637 178 639 .
231 600 298 640 Ad
315 601 488 639 Brutum
502 606 693 648 nostrum,
707 598 757 637 ad
773 598 966 647 Cassium,
981 600 1030 639 ad
1045 600 1309 648 Dolabellam,

176 655 356 708 epistolas
379 654 538 707 scripsi:
569 667 704 693 earum
734 655 913 706 exempla
938 655 1009 694 tibi
1037 655 1140 702 misi,
1161 668 1238 694 non
1268 663 1313 694 ut

176 711 443 757 deliberarem,
470 708 724 748 reddendaene
743 716 868 747 essent
898 709 1031 761 (plane
1057 710 1160 749 enim
1177 710 1310 760 judico

177 779 258 805 esse
276 762 524 814 reddendas),
551 763 616 803 sed
635 763 741 816 quod
758 776 837 802 non
856 763 1006 814 dubito,
1028 765 1124 817 quin
1143 773 1186 803 tu
1205 764 1310 803 idem

176 820 466 860 existimaturus
484 819 546 857 sis.

231 874 408 914 Ciceroni
432 887 534 922 meo,
554 872 611 911 mi
640 872 781 920 Attice,
809 873 1086 926 suppeditabis,
1117 882 1311 926 quantum

174 929 391 975 videbitur;
421 941 563 980 meque
591 928 664 967 hoc
698 928 770 966 tibi
802 941 900 967 onus
925 928 1122 980 imponere
1151 929 1310 980 patiere.

174 984 277 1033 Quae
296 983 421 1022 adhuc
439 982 576 1029 fecisti,
596 982 694 1021 mihi
713 991 804 1021 sunt
821 983 1051 1035 gratissima.

227 1039 397 1077 Librum
415 1050 551 1075 meum
575 1037 690 1076 illum
712 1036 895 1075 ανεκδοτον
915 1037 1104 1084 nondum,
1125 1044 1170 1076 ut
1187 1037 1308 1086 volui,

171 1093 360 1146 perpolivi
376 1107 386 1131 ε
417 1092 491 1130 ista
509 1105 612 1139 vero,
633 1105 722 1144 quae
740 1098 783 1129 tu
802 1092 954 1130 contexi
972 1091 1043 1142 vis,
1065 1092 1171 1131 aliud
1185 1093 1311 1144 quod-

172 1149 263 1187 dam
291 1154 510 1200 separatum
548 1146 731 1185 volumen
769 1154 1002 1198 exspectant.
1049 1148 1139 1198 Ego
1177 1154 1309 1186 autem

175 1202 326 1256 (credas
344 1201 458 1249 mihi,
471 1200 607 1251 velim)
622 1201 771 1240 minore
789 1201 960 1252 periculo
980 1200 1158 1240 existimo
1177 1209 1309 1241 contra

172 1258 261 1297 illas
297 1256 461 1295 nefarias
498 1264 639 1308 partes,
673 1256 761 1294 vivo
798 1263 977 1307 tyranno,
1016 1256 1091 1295 dici
1124 1256 1307 1308 potuisse,

174 1324 296 1366 quam
321 1318 487 1350 mortuo.
526 1309 600 1349 Ille
627 1310 746 1359 enim,
768 1311 895 1349 nescio
920 1324 998 1363 quo
1017 1318 1142 1362 pacto,
1163 1311 1310 1349 ferebat

174 1380 240 1407 me
257 1366 415 1419 quidem
434 1365 662 1404 mirabiliter
679 1379 689 1403 ε
721 1378 839 1413 nunc,
857 1366 1105 1418 quacumque
1117 1378 1186 1404 nos
1205 1378 1312 1404 com-

174 1422 384 1470 movimus,
404 1420 454 1459 ad
476 1418 652 1470 Caesaris,
678 1432 758 1458 non
777 1420 893 1458 modo
918 1428 1016 1468 acta,
1037 1433 1173 1459 verum
1192 1419 1310 1458 etiam

176 1476 354 1529 cogitata,
374 1488 611 1514 revocamur.
647 1475 711 1513 De
730 1474 938 1523 Montano,
968 1475 1154 1528 quoniam
1174 1475 1309 1513 Flam-

174 1545 242 1573 ma
261 1531 379 1583 venit,
398 1530 557 1571 videbis.
596 1531 701 1569 Puto
728 1543 811 1569 rem
835 1531 994 1570 meliore
1021 1531 1106 1570 loco
1131 1542 1214 1570 esse
1243 1529 1309 1568 de-

175 1588 280 1628 bere.

378 1697 408 1719 ‘⁶
431 1696 569 1736 Cicero
591 1696 815 1746 Dolabellae,
843 1696 931 1736 Cos.
951 1708 1036 1746 suo,
1058 1696 1101 1735 S.

232 1808 262 1831 “
281 1805 370 1845 Etsi
388 1812 588 1845 contentus
615 1818 736 1853 eram,
755 1805 813 1844 mi
838 1805 1059 1854 Dolabella,
1080 1803 1151 1844 tua
1168 1803 1307 1856 gloria,

173 1861 343 1914 satisque
362 1874 411 1901 ex
436 1861 483 1900 e‘a
502 1873 688 1912 magnam
716 1860 891 1899 laetitiam
910 1861 1229 1912 voluptatemque
1247 1872 1310 1897 ca-

174 1918 330 1971 piebam
346 1929 359 1962 ;
389 1922 520 1955 tamen
537 1928 617 1955 non
635 1928 795 1968 possum
813 1928 892 1954 non
911 1915 1096 1963 confiteri,
1118 1914 1309 1954 cumulari

173 1986 240 2013 me
268 1970 442 2010 maximo
471 1970 627 2023 gaudio,
656 1970 762 2023 quod
793 1971 911 2022 vulgo
941 1970 1147 2009 hominum
1177 1967 1309 2020 opinio

174 2027 322 2067 socium
333 2038 398 2064 me
409 2024 599 2064 adscribat
609 2025 687 2065 tuis
698 2024 892 2064 laudibus.
907 2024 1121 2064 Neminem
1134 2022 1310 2071 conveni,

175 2080 379 2135 (convenio
397 2086 529 2119 autem
547 2080 720 2133 quotidie
743 2080 958 2132 plurimos;
989 2087 1080 2118 sunt
1098 2078 1202 2117 enim
1221 2089 1310 2128 per-

173 2135 291 2182 multi
308 2134 447 2188 optimi
469 2134 556 2184 viri,
586 2134 656 2187 qui
673 2134 905 2174 valetudinis
923 2135 1040 2174 causa
1064 2133 1106 2171 in
1124 2133 1207 2171 haec
1225 2131 1310 2170 loca

172 2191 354 2237 veniant3
390 2196 574 2242 praeterea
598 2202 648 2229 ex
676 2188 900 2242 municipiis
922 2188 1144 2240 frequentes
1178 2198 1308 2225 neces-2-

172 2246 262 2287 sarii
298 2243 411 2295 mei).
435 2243 531 2297 quin
556 2256 703 2293 omnes,
728 2256 818 2284 cum
851 2251 890 2283 te
926 2243 1091 2336 sumgnis
1123 2240 1308 2281 laudibus

967 2310 986 2336 s
