1467 2401
359 91 443 131 AD
471 91 758 131 ATTICUM.
787 92 890 131 LIB.
919 89 972 130 X.
1002 92 1039 130 4.
1218 93 1269 130 45

131 201 183 239 ab
202 198 351 239 Caesare
367 214 379 238 ε
409 212 498 239 cum
519 211 584 247 eo,
598 198 646 238 de
672 212 760 238 meo
779 199 910 239 animo
930 201 978 240 ab
999 199 1079 238 suis
1108 199 1266 238 rationi-

128 255 203 292 bus
221 254 467 303 alienissimo,
489 261 527 292 et
555 253 714 292 consilio
738 253 983 306 relinquendi
1007 254 1179 293 Italiam.
1208 254 1265 292 Et

130 307 213 346 haec
229 307 313 359 ipsa
330 308 465 347 timide
483 323 494 346 ι
524 307 590 346 sed
605 308 714 346 nulla
733 316 861 347 nostra
877 309 992 360 culpa
1011 315 1067 347 est
1084 323 1094 346 t
1125 316 1264 347 natura

128 362 337 400 metuenda
355 370 422 401 est.
454 363 552 401 Haec
567 362 792 409 Curionem,
805 362 887 401 haec
905 362 1105 402 Hortensii
1119 362 1261 411 filium,

129 427 212 454 non
230 424 387 467 patrum
407 418 535 469 culpa,
557 417 738 468 corrupit.

182 469 212 508 J
214 478 296 508 acet
309 471 350 509 in
362 484 522 510 moerore
533 483 642 509 meus
656 471 784 517 frater,
798 484 924 523 neque
936 478 1016 510 tam
1032 471 1078 509 de
1090 470 1160 509 su&
1168 470 1262 519 vitai,

128 537 246 576 quam
260 524 307 563 de
318 526 420 573 mea,
430 525 581 563 metuit.
607 525 714 563 Huic
725 525 882 572 tu,huic
895 533 937 564 tu
954 526 1057 564 malo
1070 525 1162 563 affer
1174 537 1264 563 con-

127 578 348 627 solationes,
381 580 412 618 si
448 580 547 617 ullas
579 587 713 631 potes:
752 580 924 618 maxime
961 579 1119 632 quidem
1152 579 1263 617 issam

126 633 272 678 velim3
303 647 360 681 ea,
392 648 480 686 quae
510 633 559 672 ad
583 647 653 672 nos
681 633 807 672 delata
840 635 930 682 sint,
956 642 1023 672 aut
1050 634 1147 672 falsa
1165 646 1259 677 esse,

126 694 195 725 aut
212 688 375 727 minora.
406 689 507 737 Quae
530 688 561 726 si
580 701 669 726 vera
695 688 796 734 sint;
827 688 923 740 quid
949 689 1127 726 futurum
1154 688 1202 726 sit
1219 687 1262 725 in

126 741 199 780 hac
225 741 304 781 vita
333 751 372 781 et
397 743 507 794 fuga,
535 742 672 781 nescio.
704 743 825 791 Nam,
853 743 884 781 si
911 743 1141 782 haberemus
1160 754 1261 780 rem-

124 796 338 847 publicam,
370 798 572 836 consilium
605 797 704 835 mihi
735 809 813 836 non
846 796 994 836 deesset
1026 810 1097 836 nec
1126 796 1176 835 ad
1201 809 1261 835 se-

121 849 337 899 veritatem,
358 865 428 890 nec
447 852 496 890 ad
515 851 770 902 diligentiam.

182 905 294 954 Haec,
315 906 393 944 sive
422 906 636 968 iracundia,
664 906 744 944 sive
762 905 905 955 dolore,
927 905 1005 944 sive
1025 912 1148 954 metu,
1171 918 1261 957 per-

124 966 267 1007 motus,
287 961 442 1012 gravius
462 960 607 1012 scripsi,
629 973 748 1012 quam
763 967 831 998 aut
844 968 935 998 tuus
949 960 990 998 in
1006 960 1119 998 illum
1136 972 1259 1008 amor,

126 1021 194 1052 aut
227 1028 350 1061 meus,
383 1015 615 1067 postulabat.
674 1015 715 1053 Si
746 1028 835 1053 vera
865 1022 969 1062 sunt,
1001 1015 1196 1066 ignosces:
1229 1015 1261 1052 si

124 1067 234 1116 falsa,
255 1082 319 1108 me
329 1069 473 1108 libente
489 1069 623 1121 eripies
641 1068 740 1106 mihi
758 1069 862 1107 hunc
877 1082 1055 1107 errorem.
1087 1068 1261 1119 Quoquo

123 1123 240 1162 modo
261 1137 349 1163 vero
368 1137 407 1162 se
430 1137 488 1162 res
517 1122 689 1172 habebit,
719 1123 817 1162 nihil
840 1122 1065 1175 assignabis,
1096 1136 1168 1161 nec
1189 1136 1260 1175 pa-

123 1182 226 1223 truo,
249 1190 320 1217 nec
338 1178 451 1230 patri.

198 1231 305 1272 Cum
337 1233 420 1271 haec
453 1231 700 1284 scripsissem,
733 1245 756 1270 a
789 1231 959 1271 Curione
991 1231 1090 1270 mihi
1125 1232 1259 1271 nunti-

123 1291 233 1324 atum
263 1294 334 1335 est,
366 1299 457 1325 eum
492 1287 541 1324 ad
577 1299 641 1325 me
679 1286 819 1324 venire.
877 1287 1044 1325 Vene-rat
1082 1287 1186 1325 enim
1224 1287 1257 1325 is

122 1339 163 1378 in
203 1341 428 1380 Cumanum
466 1341 613 1393 vesperi
643 1340 792 1392 pridie,
829 1340 871 1378 id
909 1348 979 1387 est,
1015 1340 1165 1379 Idibus.
1213 1341 1256 1379 Si

122 1395 218 1446 quid
260 1397 343 1446 ejus
385 1396 505 1447 igitur
541 1408 665 1434 sermo
704 1394 894 1444 ejusmodi
927 1395 1109 1439 attulerit,
1151 1395 1257 1447 quod

122 1449 171 1487 ad
201 1457 239 1488 te
258 1450 502 1489 scribendum
530 1450 591 1496 sit,
617 1449 657 1487 id
676 1449 716 1486 in
745 1448 864 1487 literis
890 1449 1115 1500 adjungam.
1148 1450 1255 1488 Prae-

123 1504 224 1543 teriit
243 1505 376 1543 villam
405 1518 534 1543 meam
561 1503 694 1551 Curio,
716 1503 908 1554 jussitque
937 1503 1036 1541 mihi
1066 1504 1251 1552 nuntiari,

120 1570 216 1597 mox
235 1572 274 1598 se
293 1567 497 1598 venturum
513 1573 525 1605 ;
557 1558 801 1609 cucurritque
818 1558 1014 1605 Puteolos,
1031 1565 1075 1596 ut
1090 1558 1144 1597 ibi
1163 1571 1254 1597 con-

71 1617 82 1626 '
120 1612 348 1652 cionaretur.
380 1613 639 1653 Concionatus
659 1620 741 1650 est:
772 1612 912 1651 rediit:
935 1612 1010 1650 fuit
1025 1612 1073 1650 ad
1086 1626 1150 1651 me
1163 1625 1254 1652 sane

120 1667 200 1705 diu.
246 1668 284 1707 Ο
312 1682 394 1707 18111
413 1668 579 1706 foedam!
612 1666 731 1705 Nosti
748 1666 973 1705 hominem:
1006 1666 1105 1705 nihil
1124 1667 1251 1706 occul-

118 1722 216 1760 tavit
236 1737 248 1767 .·,
279 1723 320 1760 111
339 1722 474 1774 primis
493 1722 592 1760 nihil
619 1734 699 1760 esse
719 1721 873 1769 certius,
895 1734 1015 1773 quam
1035 1728 1081 1760 ut
1099 1734 1250 1771 omnes,

118 1776 188 1827 qui
204 1777 289 1828 lege
310 1776 497 1828 Pompeia
516 1775 760 1816 condemnati
780 1784 918 1823 essent,
932 1775 1249 1814 restituerentur·
1235 1805 1249 1822 ,

119 1830 250 1882 itaque
269 1845 308 1870 se
332 1831 373 1869 in
398 1831 529 1870 Sicilia
553 1844 686 1869 eorum
712 1843 831 1891 opera
854 1843 1031 1868 usurum.
1062 1830 1126 1868 De
1157 1830 1252 1869 His-

119 1885 261 1936 paniis,
296 1899 375 1924 non
403 1886 620 1933 dubitabat,
655 1884 750 1936 quin
783 1884 943 1923 Caesaris
977 1892 1130 1930 essent3
1161 1884 1253 1923 inde

120 1939 250 1991 ipsum
279 1953 369 1978 cum
403 1940 586 1986 exercitu,
617 1939 855 1990 ubicumque
886 1939 1097 1990 Pompeius
1128 1946 1249 1976 esset:

118 1994 203 2043 ,ejus
223 1994 379 2033 interitu
399 1995 516 2032 finem
535 1993 667 2046 [belli]
689 1993 769 2031 fore
786 2007 795 2030 :
827 1992 985 2044 propius
1005 1993 1150 2031 factum
1171 2006 1251 2031 esse

119 2047 244 2086 nihil:
275 2062 365 2087 eum
402 2049 531 2100 plane,
565 2047 765 2087 iracundia
797 2047 957 2094 elatum,
992 2047 1157 2085 voluisse
1187 2060 1251 2085 oca

119 2101 195 2140 cidi
213 2103 437 2151 Metellum,
469 2103 671 2141 tribunum
690 2100 814 2152 plebis
832 2115 842 2138 z
874 2100 980 2153 quod
1002 2101 1035 2140 si
1053 2108 1149 2140 esset
1170 2100 1249 2139 fac-

120 2161 221 2205 tum,
260 2157 404 2196 caedem
435 2169 621 2208 magnam
652 2154 827 2194 futuram
859 2155 1005 2201 fuisse3
1035 2155 1248 2208 permultos

118 2208 328 2250 hortatores
347 2224 427 2251 esse
455 2211 594 2258 caedis3
623 2209 754 2262 ipsum
773 2217 905 2249 autem
935 2222 1013 2249 non
1050 2210 1248 2249 voluntate
