1498 2401
346 87 428 125 AD
456 85 744 125 ATTICUM.
777 86 878 124 1113.
900 84 1024 124 XIII.
1059 87 1121 126 19.
1224 88 1296 125 151

173 207 255 233 eam
290 207 329 233 se
361 194 642 233 oratiunculam
675 194 836 233 misisse·
876 194 965 233 Hoc
994 194 1115 246 igitur
1139 194 1244 233 idem
1259 203 1302 234 tu

176 249 272 287 mihi
293 256 405 286 antea
423 249 634 299 scripseras.

229 301 274 340 111
295 303 468 341 Varrone
483 302 555 341 ista
574 316 689 341 causa
707 316 771 341 me
783 315 860 340 non
879 309 1062 351 moveret,
1081 315 1131 341 ne
1150 302 1299 342 viderer

178 356 407 406 ῶιλενδοξοςε
438 356 509 400 (sic
528 357 630 394 enim
646 356 938 404 constituebam,
964 357 1157 395 neminem
1182 357 1306 395 inclu-

176 410 264 448 dere
282 410 322 447 in
342 410 511 461 dialogos
530 423 664 449 eorum
684 410 752 462 qui
771 410 941 449 viverent
956 409 989 460 z)
1010 410 1088 459 sed,
1102 411 1194 462 quia
1212 411 1305 449 scri-

176 464 235 502 bis
255 471 292 502 et
312 463 514 503 desiderari
533 465 756 512 aVarrone,
771 472 808 503 et
818 464 951 515 magni
969 465 1081 502 illum
1102 465 1304 512 aestimare,

178 531 239 556 eos
258 518 428 557 confeci:
461 526 499 557 et
524 519 684 567 absolvi,
716 519 841 557 nescio
871 531 991 569 quam
1015 520 1127 565 bene,
1158 519 1223 557 sed
1253 519 1308 558 ita

177 579 362 620 accurate,
382 580 428 611 ut
447 573 546 610 nihil
562 580 689 624 posset
704 586 832 624 supra,
854 572 1128 611 Academicam
1147 585 1304 612 omnem

177 626 428 677 quaestionem
446 626 552 665 libris
572 635 750 678 quatuor.
776 628 826 666 In
850 627 918 674 eis,
939 640 1026 678 quae
1045 633 1155 665 erant
1174 634 1305 665 contra

180 681 444 726 αματαληψιαν
462 681 641 732 praeclare
664 682 821 720 collecta
840 682 887 719 ab
907 681 1115 729 Antiocho,
1136 680 1304 719 Varroni

179 733 268 772 dedi
284 748 294 772 :
326 735 375 772 ad
389 747 434 772 ea
450 735 531 786 ipse
545 736 754 787 respondeo
775 750 785 774 ε
817 742 860 773 tu
875 747 914 773 es
925 735 1058 773 tertius
1075 735 1116 772 in
1132 747 1307 773 sermone

179 795 319 826 nostro.
350 788 392 827 Si
412 787 567 828 Cottam
587 796 623 828 et
641 789 858 828 Varronem
873 789 1043 828 fecissem
1058 788 1156 827 inter
1171 802 1209 827 se
1227 789 1304 827 dis-

179 849 369 893 putantae,
391 849 433 880 ut
451 856 474 880 a
498 851 536 881 te
556 843 743 895 proximis
768 843 886 882 literis
905 843 1140 889 admoneor3
1170 855 1303 881 meum

181 904 300 943 κωφον
319 911 509 946 προσωπον
529 904 634 936 esset.
662 898 751 936 Hoc
772 898 812 935 in
833 897 1000 948 antiquis
1025 897 1194 949 personis
1213 910 1303 935 sua-

183 949 277 986 viter
295 950 352 996 fit,
373 957 417 988 ut
436 957 473 988 et
492 951 715 990 Heraclides
736 952 778 990 in
804 951 952 999 multis,
973 959 1009 990 et
1028 964 1096 990 nos
1121 964 1188 989 sex
1209 954 1237 974 ‘⁶
1257 951 1306 990 de

185 1003 425 1054 Republica”
444 1004 552 1043 libris
571 1005 742 1044 fecimus.

237 1059 336 1095 Sunt
355 1057 470 1096 etiam
491 1062 519 1081 “
539 1059 586 1097 de
606 1059 795 1098 Oratore'’
815 1059 934 1098 nostri
959 1066 1048 1107 tres,
1073 1060 1173 1098 mihi
1191 1060 1305 1099 vehe-

184 1120 329 1149 menter
346 1113 508 1162 probati.
548 1114 598 1151 In
628 1114 680 1152 eis
699 1127 853 1165 quoque
879 1127 932 1151 eae
950 1126 1120 1164 personae
1139 1121 1243 1163 sunt,
1264 1122 1308 1152 ut

185 1165 283 1203 mihi
306 1166 510 1204 tacendum
525 1166 652 1205 fuerit.
686 1166 846 1206 Crassus
860 1168 964 1206 enim
978 1168 1163 1219 loquitur,
1180 1170 1308 1206 Anto-

186 1219 287 1266 nius,
310 1218 473 1258 Catulus
492 1233 621 1270 senex,
644 1221 689 1259 C.
709 1222 858 1269 Julius,
877 1221 994 1259 frater
1013 1222 1156 1269 Catuli,
1179 1223 1306 1271 Cotta,

185 1273 392 1324 Sulpicius.
425 1275 551 1313 Puero
576 1288 639 1313 me
666 1275 729 1314 hic
757 1288 880 1314 sermo
898 1275 1106 1325 inducitur,
1127 1283 1171 1314 ut
1189 1277 1309 1315 nullae

186 1340 266 1366 esse
282 1336 436 1378 possent
453 1336 578 1380 partes
597 1342 704 1367 meae.
735 1330 837 1377 Quae
851 1336 981 1368 autern
994 1329 1055 1368 his
1073 1331 1309 1382 temporibus

187 1381 330 1432 scripsi,
354 1388 631 1429 Αριστοτελειον
655 1396 802 1422 morem
828 1383 998 1430 habent;
1027 1383 1068 1422 111
1089 1397 1165 1436 quo
1185 1397 1310 1423 sermo

186 1436 240 1473 ita
257 1435 452 1474 inducitur
469 1443 705 1486 caeterorum,
726 1447 771 1476 ut
785 1450 900 1490 penes
914 1437 1043 1490 ipsum
1058 1438 1106 1477 sit
1119 1438 1310 1491 principa-

189 1497 261 1529 tus.

242 1545 305 1583 Ita
323 1545 466 1584 confeci
491 1547 663 1599 quinque
689 1547 808 1587 libros
827 1555 915 1599 Περι
936 1553 1074 1594 Τελων,
1099 1554 1144 1586 ut
1161 1547 1312 1600 Epicu-

187 1611 250 1637 rea
279 1599 329 1637 L·
359 1600 573 1651 Torquato,
595 1602 722 1641 Sto'l'ca
748 1602 812 1641 M.
842 1601 993 1649 Catoni,
1027 1606 1307 1653 Περιπατητικα

189 1652 251 1690 M.
273 1653 418 1702 Pisoni,
447 1654 591 1693 darem.
633 1659 912 1701 Αζηλοτυπητον
937 1655 978 1694 id
1005 1655 1087 1694 fore
1112 1655 1308 1707 putaram,

190 1707 294 1758 quod
312 1719 444 1746 omnes
461 1708 520 1746 ini
538 1709 784 1748 decesserant.

245 1761 342 1800 Haec
367 1762 614 1812 Academica,
643 1771 688 1802 ut
712 1764 797 1813 scis,
818 1777 908 1802 cum
937 1763 1090 1814 Catulo,
1123 1764 1307 1813 Lucullo,

191 1814 412 1864 Hortensio,
429 1818 679 1856 contuleram.
708 1818 808 1857 Sane
832 1818 874 1856 in
899 1831 1077 1870 personas
1104 1830 1182 1856 non
1201 1818 1311 1856 cade-

190 1870 310 1907 bant:
349 1877 456 1908 erant
483 1871 586 1910 enim
615 1879 854 1922 λογικωτερα,
884 1885 1004 1924 quam
1030 1880 1076 1910 ut
1102 1872 1161 1910 illi
1188 1872 1236 1910 de
1262 1872 1309 1911 iis

189 1923 398 1962 somniasse
422 1936 596 1977 unquam
620 1925 849 1965 viderentur.
880 1927 1032 1978 Itaque,
1050 1934 1095 1965 ut
1122 1926 1200 1977 legi
1224 1933 1310 1964 tuas

189 1977 238 2015 de
256 1977 444 2026 Varrone,
470 1988 671 2031 tamquam
701 1981 841 2030 ἕρμαιον
869 1981 1024 2032 arripui.
1058 1980 1202 2033 Aptius
1231 1993 1310 2019 esse

191 2031 289 2069 nihil
306 2032 432 2083 potuit
449 2032 499 2070 ad
522 2033 563 2071 id
589 2033 839 2086 philosophiae
859 2047 994 2086 genus,
1014 2048 1092 2087 quo
1116 2035 1181 2072 ille
1198 2047 1311 2073 max-

192 2084 270 2123 ime
288 2085 385 2123 mihi
404 2086 579 2126 delectari
597 2088 760 2136 videtur,
780 2101 961 2141 measque
979 2096 1104 2141 partes
1120 2102 1132 2134 3
1162 2095 1207 2126 ut
1233 2100 1310 2127 11011

193 2138 266 2177 sim
293 2147 528 2190 consecutus,
561 2140 621 2181 ut'
636 2142 807 2194 superior
835 2156 922 2182 mea
958 2155 1072 2182 causa
1108 2141 1308 2181 videatur:

192 2201 281 2232 sunt
301 2193 403 2233 enim
423 2193 663 2235 vehementer
688 2198 817 2235 mffrwx
838 2197 1070 2238 Antiochia:
1104 2211 1204 2249 quae,
1226 2195 1313 2235 dili-
