1467 2401
209 62 261 98 82
415 62 500 105 AD
528 61 819 110 A'r'rrcmr.
845 62 948 101 nm.
967 62 1048 102 111.
1081 63 1143 102 11.

433 170 549 223 (10.)
579 171 796 212 CICERO
824 171 1048 211 ATTICO
1075 172 1118 212 s.

261 278 331 317 Ad
350 292 455 318 meas
473 281 714 320 incredibiles
733 281 980 333 aegritudines
1001 279 1150 332 aliquid
1169 279 1260 321 novi
1277 293 1339 319 ac-

208 333 309 371 cedit
327 347 376 372 ex
393 334 454 382 iis,
475 349 563 387 quae
577 335 624 374 de
642 335 694 383 Q.
716 335 768 383 Q.
797 335 847 374 ad
865 349 928 373 me
947 335 1171 373 afferuntur.
1200 335 1247 373 P.
1261 334 1340 374 Το-

209 387 368 436 rentius,
388 402 498 428 meus
518 390 764 435 necessarius,
777 403 910 441 operas
929 390 969 427 in
988 396 1102 441 portu
1122 396 1160 427 et
1177 389 1341 440 scriptu-

208 442 253 479 ra
284 443 392 481 Asiae
423 457 493 495 pro
522 444 706 495 magistro
736 444 852 482 dedit.
901 444 942 482 Is
978 443 1174 492 Quintum
1212 442 1339 482 filium

207 495 359 547 Ephesi
377 498 474 536 vidit
485 498 548 537 VI
571 499 666 536 Idus
683 498 915 537 Decembres
932 512 944 544 ;
975 510 1144 549 eumque
1157 497 1341 545 studiose,

208 558 364 602 propter
383 552 593 591 amicitiam
612 561 796 598 nostram,
816 552 1019 598 invitavit3
1042 564 1209 604 cumque
1228 565 1276 590 ex
1295 564 1340 590 eo

209 605 259 642 de
287 618 350 644 me
380 614 610 654 contaretur,
632 620 722 646 eum
748 607 820 646 sibi
844 607 899 644 ita
923 606 1064 645 dixisse
1087 607 1280 654 narrabat,
1301 619 1341 645 se

209 658 308 697 mihi
326 673 405 699 esse
418 661 727 700 inimicissimum
741 675 753 707 ;
776 661 1034 713 volumenque
1049 660 1121 699 sibi
1135 660 1342 699 ostendisse

209 713 404 763 orationis,
416 729 535 766 quam
549 716 653 767 apud
665 714 857 755 Caesarem
869 723 1000 754 contra
1012 728 1074 753 me
1086 722 1182 753 esset
1188 715 1344 753 habitu-

209 779 276 805 rus
293 782 303 806 :
335 770 460 807 multa
478 783 501 808 a
515 783 554 808 se
573 770 673 808 dicta
693 778 823 808 contra
841 771 925 819 ejus
944 769 1154 808 amentiam
1171 784 1183 806 :
1214 769 1341 808 multa

210 828 343 873 postea
372 823 498 862 Patris
518 824 708 863 consimili
735 824 872 862 scelere
897 837 1030 862 secum
1049 823 1245 871 Quintum
1271 836 1341 875 pa-

210 883 310 915 trem
329 877 532 916 locutum.
523 893 532 901 ·
565 879 675 927 cujus
699 878 883 925 furorem,
912 891 960 916 ex
978 877 1026 916 iis
1051 877 1220 928 epistolis
1246 891 1343 928 quas

208 929 262 969 ad
280 942 317 969 te
335 932 438 980 misi,
455 933 666 984 perspicere
684 932 856 984 potuisti.
894 932 993 970 Haec
1017 931 1088 970 tibi
1107 931 1229 970 dolori
1247 944 1342 979 esse,

211 991 313 1023 certo
327 986 428 1024 scio:
455 999 518 1024 me
537 986 697 1039 quidem
716 986 950 1033 excruciant,
971 993 1009 1024 et
1027 998 1071 1024 eo
1085 985 1223 1037 magis,
1237 986 1343 1038 quod

212 1039 311 1077 mihi
339 1052 429 1078 cum
452 1040 529 1080 illis
557 1053 606 1080 ne
629 1040 815 1093 querendi
839 1040 999 1093 quidem
1016 1040 1146 1079 locum
1164 1039 1343 1079 futurum

215 1100 325 1144 puto.

268 1147 331 1186 De
349 1148 545 1188 Africanis
563 1151 677 1188 rebus
693 1150 809 1201 longe
827 1149 903 1188 alia
920 1149 1045 1197 nobis,
1065 1161 1110 1188 30
1126 1155 1171 1187 tu
1185 1148 1344 1201 scripse-

213 1214 292 1251 ras,
306 1203 546 1242 nuntiantur.
577 1204 692 1243 Nihil
709 1205 814 1243 enim
832 1204 982 1242 firmius
994 1217 1074 1242 esse
1085 1203 1233 1251 dicunt,
1246 1203 1344 1241 nihil

214 1257 398 1308 paratius.
432 1258 592 1297 Accedit
612 1258 820 1310 Hispania,
842 1267 879 1297 et
897 1258 1061 1296 alienata
1080 1258 1220 1303 Italia;
1250 1257 1346 1309 legi-

213 1322 335 1349 onum
354 1324 423 1350 nec
442 1313 498 1351 vis
516 1312 664 1361 eadem,
684 1325 754 1351 nec
773 1313 975 1358 voluntas,
964 1326 974 1335 ·
1004 1314 1163 1351 urbanae
1181 1325 1240 1350 res
1258 1324 1345 1364 per-

208 1364 316 1403 ditae.
347 1366 456 1414 Quid
482 1376 551 1415 est,
582 1367 650 1406 ubi
675 1367 929 1419 acquiescam,
956 1366 1031 1404 nisi
1050 1365 1238 1418 quamdiu
1258 1375 1345 1405 tuas

214 1418 343 1458 literas
362 1421 483 1471 lego?
513 1435 601 1473 quae
622 1435 679 1460 ess
681 1430 745 1460 ent
772 1421 941 1472 profecto
960 1422 1178 1468 crebriores,
1198 1421 1230 1459 si
1248 1420 1344 1473 quid

215 1471 388 1521 haberes,
409 1489 487 1526 quo
506 1484 661 1527 putares
680 1488 809 1514 meam
834 1475 1051 1514 molestiam
1077 1474 1204 1513 minui
1221 1488 1343 1526 posse.

212 1527 293 1565 Sed
323 1536 452 1567 tamen
483 1537 521 1568 te
551 1543 658 1581 rogo,
679 1542 729 1569 ne
758 1530 988 1568 intermittas
1010 1529 1171 1567 scribere
1193 1529 1243 1567 ad
1266 1542 1344 1590 me,

214 1581 407 1642 quidquid
434 1583 529 1630 erit;
561 1597 716 1636 eosque,
741 1583 811 1636 qui
834 1584 933 1622 mihi
958 1591 1038 1622 tam
1058 1583 1290 1622 011111011101
1279 1595 1342 1622 111-

213 1635 321 1673 1111101
340 1646 444 1685 311111,
464 1638 495 1676 31
513 1638 636 1677 odisse
655 1651 732 1677 non
760 1645 880 1690 potes,
901 1651 1053 1676 accuses
1079 1645 1236 1683 tamen;
1267 1649 1345 1675 non

215 1698 262 1727 ut
280 1689 426 1742 aliquid
445 1693 634 1743 proficias,
655 1692 721 1731 sed
741 1701 785 1730 ut
809 1705 873 1730 me
900 1692 972 1730 tibi
997 1704 1130 1730 carum
1152 1705 1232 1730 esse
1259 1704 1346 1730 sen·

216 1743 325 1783 tiant.
357 1745 479 1784 Plura
507 1746 557 1784 ad
589 1755 625 1785 te
655 1746 832 1796 scribam,
853 1747 885 1785 si
913 1745 1012 1784 mihi
1038 1745 1089 1784 ad
1113 1759 1176 1783 eas
1200 1747 1344 1791 literas,

215 1811 313 1891 18133
332 1800 519 1893 Iprgxime
547 1800 597 1839 ad
629 1808 667 1839 te
696 1800 800 1850 dedi,
829 1800 1075 1853 rescripseris.
1109 1800 1223 1840 Vale.
1253 1800 1344 1839 XII

369 1867 387 1892 0
416 1867 435 1892 r

436 2017 555 2067 (11.)
592 2017 805 2058 CICERO
833 2016 1058 2058 A'r'rrco
1087 2017 1129 2058 3.

274 2124 483 2165 Confectus
497 2127 581 2177 jam
600 2127 771 2166 cruciatu
787 2126 1050 2165 maximorum
1068 2126 1262 2175 dolorum,
1281 2139 1346 2174 ne,

221 2178 254 2217 si
272 2179 324 2218 sit
349 2179 508 2232 quidem
531 2181 636 2234 quod
655 2181 705 2220 ad
729 2189 768 2220 10
796 2180 960 2220 debeam
979 2181 1156 2229 seribere,
1183 2181 1292 2220 facile
1310 2181 1350 2219 id
