<?xml version="1.0" encoding="UTF-8"?>
<!DOCTYPE html PUBLIC "-//W3C//DTD XHTML 1.0 Transitional//EN"
    "http://www.w3.org/TR/xhtml1/DTD/xhtml1-transitional.dtd">
<html xmlns="http://www.w3.org/1999/xhtml" xml:lang="en" lang="en">
 <head>
  <title>
</title>
<meta http-equiv="Content-Type" content="text/html;charset=utf-8" />
  <meta name='ocr-system' content='tesseract 3.04.00' />
  <meta name='ocr-capabilities' content='ocr_page ocr_carea ocr_par ocr_line ocrx_word'/>
</head>
<body>
  <div class='ocr_page' id='page_1' title='image "./operaern11ciceuoft_0248.png"; bbox 0 0 1498 2401; ppageno 0'>
   <div class='ocr_carea' id='block_1_1' title="bbox 240 128 1172 174">
    <p class='ocr_par' dir='ltr' id='par_1_1' title="bbox 240 128 1172 174">
     <span class='ocr_line' id='line_1_1' title="bbox 240 128 1172 174; baseline -0.005 -1"><span class='ocrx_word' id='word_1_1' title='bbox 240 135 321 174; x_wconf 81' lang='lat'><strong>234</strong></span> <span class='ocrx_word' id='word_1_2' title='bbox 429 132 512 172; x_wconf 89' lang='lat' dir='ltr'><strong>AD</strong></span> <span class='ocrx_word' id='word_1_3' title='bbox 541 128 830 172; x_wconf 81' lang='lat' dir='ltr'><strong>ATTICUM.</strong></span> <span class='ocrx_word' id='word_1_4' title='bbox 860 129 961 170; x_wconf 75' lang='lat'>11113.</span> <span class='ocrx_word' id='word_1_5' title='bbox 980 128 1077 170; x_wconf 87' lang='lat' dir='ltr'><strong>XV.</strong></span> <span class='ocrx_word' id='word_1_6' title='bbox 1105 130 1172 171; x_wconf 80' lang='lat'><strong>29.</strong></span> 
     </span>
    </p>
   </div>
   <div class='ocr_carea' id='block_1_2' title="bbox 216 235 1373 1100">
    <p class='ocr_par' dir='ltr' id='par_1_2' title="bbox 216 235 1371 551">
     <span class='ocr_line' id='line_1_2' title="bbox 295 235 1360 291; baseline -0.004 -11"><span class='ocrx_word' id='word_1_7' title='bbox 295 241 372 289; x_wconf 88' lang='lat' dir='ltr'><strong>Te,</strong></span> <span class='ocrx_word' id='word_1_8' title='bbox 391 249 436 280; x_wconf 91' lang='lat' dir='ltr'><strong>ut</strong></span> <span class='ocrx_word' id='word_1_9' title='bbox 454 254 478 279; x_wconf 88' lang='lat' dir='ltr'><strong>a</strong></span> <span class='ocrx_word' id='word_1_10' title='bbox 495 253 560 280; x_wconf 90' lang='lat' dir='ltr'><strong>me</strong></span> <span class='ocrx_word' id='word_1_11' title='bbox 577 240 803 288; x_wconf 64' lang='lat' dir='ltr'><strong>discesseris,</strong></span> <span class='ocrx_word' id='word_1_12' title='bbox 821 237 1063 291; x_wconf 68' lang='lat' dir='ltr'><strong>lacrymasse,</strong></span> <span class='ocrx_word' id='word_1_13' title='bbox 1082 237 1242 278; x_wconf 81' lang='lat' dir='ltr'><strong>moleste</strong></span> <span class='ocrx_word' id='word_1_14' title='bbox 1261 235 1360 277; x_wconf 80' lang='lat' dir='ltr'><strong>fere.</strong></span> 
     </span>
     <span class='ocr_line' id='line_1_3' title="bbox 216 290 1364 348; baseline -0.003 -13"><span class='ocrx_word' id='word_1_15' title='bbox 216 316 221 321; x_wconf 92' lang='lat'>·</span> <span class='ocrx_word' id='word_1_16' title='bbox 240 299 333 335; x_wconf 86' lang='lat' dir='ltr'><strong>bam</strong></span> <span class='ocrx_word' id='word_1_17' title='bbox 349 310 358 333; x_wconf 90' lang='lat'>:</span> <span class='ocrx_word' id='word_1_18' title='bbox 393 295 497 348; x_wconf 90' lang='lat' dir='ltr'><strong>quod</strong></span> <span class='ocrx_word' id='word_1_19' title='bbox 511 295 543 334; x_wconf 88' lang='lat' dir='ltr'><strong>si</strong></span> <span class='ocrx_word' id='word_1_20' title='bbox 559 308 624 334; x_wconf 89' lang='lat' dir='ltr'><strong>me</strong></span> <span class='ocrx_word' id='word_1_21' title='bbox 641 302 826 347; x_wconf 60' lang='lat' dir='ltr'><strong>praesente</strong></span> <span class='ocrx_word' id='word_1_22' title='bbox 842 294 1005 342; x_wconf 83' lang='lat' dir='ltr'><strong>fecisses,</strong></span> <span class='ocrx_word' id='word_1_23' title='bbox 1024 292 1228 333; x_wconf 82' lang='lat' dir='ltr'><strong>consilium</strong></span> <span class='ocrx_word' id='word_1_24' title='bbox 1244 290 1364 331; x_wconf 73' lang='lat' dir='ltr'><strong>totius</strong></span> 
     </span>
     <span class='ocr_line' id='line_1_4' title="bbox 242 344 1367 399; baseline -0.004 -10"><span class='ocrx_word' id='word_1_25' title='bbox 242 349 389 389; x_wconf 88' lang='lat' dir='ltr'><strong>itineris</strong></span> <span class='ocrx_word' id='word_1_26' title='bbox 407 350 564 388; x_wconf 86' lang='lat' dir='ltr'><strong>fortasse</strong></span> <span class='ocrx_word' id='word_1_27' title='bbox 583 350 806 388; x_wconf 60' lang='lat' dir='ltr'><strong>mutassem.</strong></span> <span class='ocrx_word' id='word_1_28' title='bbox 839 348 916 388; x_wconf 88' lang='lat' dir='ltr'><strong>Sed</strong></span> <span class='ocrx_word' id='word_1_29' title='bbox 934 347 1034 386; x_wconf 79' lang='lat' dir='ltr'><strong>illud</strong></span> <span class='ocrx_word' id='word_1_30' title='bbox 1045 347 1240 399; x_wconf 84' lang='lat' dir='ltr'><strong>praeclare,</strong></span> <span class='ocrx_word' id='word_1_31' title='bbox 1259 344 1367 398; x_wconf 85' lang='lat' dir='ltr'><strong>quod</strong></span> 
     </span>
     <span class='ocr_line' id='line_1_5' title="bbox 243 399 1366 455; baseline -0.004 -13"><span class='ocrx_word' id='word_1_32' title='bbox 243 411 283 443; x_wconf 92' lang='lat' dir='ltr'><strong>te</strong></span> <span class='ocrx_word' id='word_1_33' title='bbox 320 404 513 442; x_wconf 85' lang='lat' dir='ltr'><strong>consolata</strong></span> <span class='ocrx_word' id='word_1_34' title='bbox 537 411 593 442; x_wconf 87' lang='lat' dir='ltr'><strong>est</strong></span> <span class='ocrx_word' id='word_1_35' title='bbox 620 417 704 455; x_wconf 91' lang='lat' dir='ltr'><strong>spes</strong></span> <span class='ocrx_word' id='word_1_36' title='bbox 735 403 843 442; x_wconf 87' lang='lat' dir='ltr'><strong>brevi</strong></span> <span class='ocrx_word' id='word_1_37' title='bbox 870 410 1042 454; x_wconf 89' lang='lat' dir='ltr'><strong>tempore</strong></span> <span class='ocrx_word' id='word_1_38' title='bbox 1072 399 1341 452; x_wconf 79' lang='lat' dir='ltr'><strong>congrediendi</strong></span> <span class='ocrx_word' id='word_1_39' title='bbox 1353 413 1366 438; x_wconf 67' lang='grc' dir='ltr'>ς</span> 
     </span>
     <span class='ocr_line' id='line_1_6' title="bbox 244 453 1371 510; baseline -0.003 -14"><span class='ocrx_word' id='word_1_40' title='bbox 244 472 333 510; x_wconf 86' lang='lat' dir='ltr'><strong>quae</strong></span> <span class='ocrx_word' id='word_1_41' title='bbox 351 458 508 510; x_wconf 91' lang='lat' dir='ltr'><strong>quidem</strong></span> <span class='ocrx_word' id='word_1_42' title='bbox 527 458 757 509; x_wconf 80' lang='lat' dir='ltr'><strong>exspectatio</strong></span> <span class='ocrx_word' id='word_1_43' title='bbox 774 470 839 496; x_wconf 91' lang='lat' dir='ltr'><strong>me</strong></span> <span class='ocrx_word' id='word_1_44' title='bbox 855 456 1027 495; x_wconf 79' lang='lat' dir='ltr'><strong>maxime</strong></span> <span class='ocrx_word' id='word_1_45' title='bbox 1038 461 1235 495; x_wconf 81' lang='lat' dir='ltr'><strong>sustentat.</strong></span> <span class='ocrx_word' id='word_1_46' title='bbox 1264 453 1371 494; x_wconf 62' lang='lat' dir='ltr'><strong>Mae</strong></span> 
     </span>
     <span class='ocr_line' id='line_1_7' title="bbox 246 512 738 551; baseline -0.004 0"><span class='ocrx_word' id='word_1_47' title='bbox 246 512 318 551; x_wconf 93' lang='lat' dir='ltr'><strong>tibi</strong></span> <span class='ocrx_word' id='word_1_48' title='bbox 335 512 455 550; x_wconf 77' lang='lat' dir='ltr'><strong>literae</strong></span> <span class='ocrx_word' id='word_1_49' title='bbox 473 524 551 550; x_wconf 90' lang='lat' dir='ltr'><strong>non</strong></span> <span class='ocrx_word' id='word_1_50' title='bbox 566 512 738 550; x_wconf 88' lang='lat' dir='ltr'><strong>deerunt.</strong></span> 
     </span>
    </p>

    <p class='ocr_par' dir='ltr' id='par_1_3' title="bbox 242 562 1373 1100">
     <span class='ocr_line' id='line_1_8' title="bbox 300 562 1371 614; baseline -0.002 -10"><span class='ocrx_word' id='word_1_51' title='bbox 300 565 364 605; x_wconf 92' lang='lat' dir='ltr'><strong>De</strong></span> <span class='ocrx_word' id='word_1_52' title='bbox 377 566 518 614; x_wconf 89' lang='lat' dir='ltr'><strong>Bruto,</strong></span> <span class='ocrx_word' id='word_1_53' title='bbox 539 566 700 604; x_wconf 89' lang='lat' dir='ltr'><strong>scribam</strong></span> <span class='ocrx_word' id='word_1_54' title='bbox 714 565 762 604; x_wconf 88' lang='lat' dir='ltr'><strong>ad</strong></span> <span class='ocrx_word' id='word_1_55' title='bbox 776 573 814 605; x_wconf 87' lang='lat' dir='ltr'><strong>te</strong></span> <span class='ocrx_word' id='word_1_56' title='bbox 828 565 970 605; x_wconf 88' lang='lat' dir='ltr'><strong>omnia.</strong></span> <span class='ocrx_word' id='word_1_57' title='bbox 1000 565 1167 604; x_wconf 89' lang='lat' dir='ltr'><strong>Librum</strong></span> <span class='ocrx_word' id='word_1_58' title='bbox 1181 562 1253 602; x_wconf 88' lang='lat' dir='ltr'><strong>tibi</strong></span> <span class='ocrx_word' id='word_1_59' title='bbox 1271 562 1371 602; x_wconf 83' lang='lat' dir='ltr'><strong>cele-</strong></span> 
     </span>
     <span class='ocr_line' id='line_1_9' title="bbox 245 617 1368 669; baseline -0.004 -11"><span class='ocrx_word' id='word_1_60' title='bbox 245 619 337 658; x_wconf 81' lang='lat' dir='ltr'><strong>riter</strong></span> <span class='ocrx_word' id='word_1_61' title='bbox 353 620 508 658; x_wconf 72' lang='lat' dir='ltr'><strong>mittam</strong></span> <span class='ocrx_word' id='word_1_62' title='bbox 538 623 566 642; x_wconf 83' lang='lat'>“</span> <span class='ocrx_word' id='word_1_63' title='bbox 579 619 626 658; x_wconf 91' lang='lat' dir='ltr'><strong>de</strong></span> <span class='ocrx_word' id='word_1_64' title='bbox 646 619 821 658; x_wconf 60' lang='lat' dir='ltr'><strong>Gloriass’</strong></span> <span class='ocrx_word' id='word_1_65' title='bbox 850 619 1058 658; x_wconf 84' lang='lat' dir='ltr'><strong>Excudam</strong></span> <span class='ocrx_word' id='word_1_66' title='bbox 1089 617 1237 669; x_wconf 84' lang='lat' dir='ltr'><strong>aliquid</strong></span> <span class='ocrx_word' id='word_1_67' title='bbox 1251 617 1368 668; x_wconf 80' lang='grc' dir='ltr'>Ἥρα-</span> 
     </span>
     <span class='ocr_line' id='line_1_10' title="bbox 246 672 1367 725; baseline 0 -15"><span class='ocrx_word' id='word_1_68' title='bbox 246 673 426 721; x_wconf 74' lang='grc' dir='ltr'><strong>κλειδειον,</strong></span> <span class='ocrx_word' id='word_1_69' title='bbox 440 673 544 725; x_wconf 85' lang='lat' dir='ltr'><strong>quod</strong></span> <span class='ocrx_word' id='word_1_70' title='bbox 555 675 672 712; x_wconf 82' lang='lat' dir='ltr'><strong>lateat</strong></span> <span class='ocrx_word' id='word_1_71' title='bbox 682 674 723 711; x_wconf 77' lang='lat' dir='ltr'><strong>in</strong></span> <span class='ocrx_word' id='word_1_72' title='bbox 736 674 922 713; x_wconf 84' lang='lat' dir='ltr'><strong>thesauris</strong></span> <span class='ocrx_word' id='word_1_73' title='bbox 934 673 1022 711; x_wconf 81' lang='lat' dir='ltr'><strong>tuis.</strong></span> <span class='ocrx_word' id='word_1_74' title='bbox 1036 672 1100 711; x_wconf 85' lang='lat' dir='ltr'><strong>De</strong></span> <span class='ocrx_word' id='word_1_75' title='bbox 1109 672 1267 719; x_wconf 77' lang='lat' dir='ltr'><strong>Planco,</strong></span> <span class='ocrx_word' id='word_1_76' title='bbox 1281 683 1367 710; x_wconf 67' lang='lat' dir='ltr'><strong>me-</strong></span> 
     </span>
     <span class='ocr_line' id='line_1_11' title="bbox 243 724 1365 779; baseline -0.002 -14"><span class='ocrx_word' id='word_1_77' title='bbox 243 727 355 765; x_wconf 86' lang='lat' dir='ltr'><strong>mini.</strong></span> <span class='ocrx_word' id='word_1_78' title='bbox 390 728 523 766; x_wconf 87' lang='lat' dir='ltr'><strong>Attica</strong></span> <span class='ocrx_word' id='word_1_79' title='bbox 538 729 625 777; x_wconf 89' lang='lat' dir='ltr'><strong>jure</strong></span> <span class='ocrx_word' id='word_1_80' title='bbox 643 727 827 779; x_wconf 89' lang='lat' dir='ltr'><strong>queritur.</strong></span> <span class='ocrx_word' id='word_1_81' title='bbox 867 727 986 775; x_wconf 89' lang='lat' dir='ltr'><strong>Quod</strong></span> <span class='ocrx_word' id='word_1_82' title='bbox 1010 739 1074 764; x_wconf 89' lang='lat' dir='ltr'><strong>me</strong></span> <span class='ocrx_word' id='word_1_83' title='bbox 1091 725 1140 764; x_wconf 87' lang='lat' dir='ltr'><strong>de</strong></span> <span class='ocrx_word' id='word_1_84' title='bbox 1157 724 1365 775; x_wconf 72' lang='lat' dir='ltr'><strong>Bacchide,</strong></span> 
     </span>
     <span class='ocr_line' id='line_1_12' title="bbox 243 778 1367 830; baseline -0.001 -11"><span class='ocrx_word' id='word_1_85' title='bbox 243 781 291 820; x_wconf 86' lang='lat' dir='ltr'><strong>de</strong></span> <span class='ocrx_word' id='word_1_86' title='bbox 306 788 520 819; x_wconf 88' lang='lat' dir='ltr'><strong>statuarum</strong></span> <span class='ocrx_word' id='word_1_87' title='bbox 533 781 692 827; x_wconf 84' lang='lat' dir='ltr'><strong>coronis,</strong></span> <span class='ocrx_word' id='word_1_88' title='bbox 705 781 903 820; x_wconf 82' lang='lat' dir='ltr'><strong>certiorem</strong></span> <span class='ocrx_word' id='word_1_89' title='bbox 916 779 1052 828; x_wconf 80' lang='lat' dir='ltr'><strong>fecisti,</strong></span> <span class='ocrx_word' id='word_1_90' title='bbox 1067 778 1177 818; x_wconf 85' lang='lat' dir='ltr'><strong>valde</strong></span> <span class='ocrx_word' id='word_1_91' title='bbox 1189 785 1345 830; x_wconf 75' lang='lat' dir='ltr'><strong>gratum</strong></span> <span class='ocrx_word' id='word_1_92' title='bbox 1355 794 1367 818; x_wconf 85' lang='lat'>=</span> 
     </span>
     <span class='ocr_line' id='line_1_13' title="bbox 242 831 1373 887; baseline -0.001 -14"><span class='ocrx_word' id='word_1_93' title='bbox 242 847 313 874; x_wconf 89' lang='lat' dir='ltr'><strong>nec</strong></span> <span class='ocrx_word' id='word_1_94' title='bbox 348 835 563 887; x_wconf 80' lang='lat' dir='ltr'><strong>quidquam</strong></span> <span class='ocrx_word' id='word_1_95' title='bbox 588 835 759 886; x_wconf 86' lang='lat' dir='ltr'><strong>posthae,</strong></span> <span class='ocrx_word' id='word_1_96' title='bbox 787 848 864 874; x_wconf 91' lang='lat' dir='ltr'><strong>non</strong></span> <span class='ocrx_word' id='word_1_97' title='bbox 893 834 1008 873; x_wconf 89' lang='lat' dir='ltr'><strong>modo</strong></span> <span class='ocrx_word' id='word_1_98' title='bbox 1039 840 1208 881; x_wconf 85' lang='lat' dir='ltr'><strong>tantum,</strong></span> <span class='ocrx_word' id='word_1_99' title='bbox 1227 831 1294 871; x_wconf 82' lang='lat' dir='ltr'><strong>sed</strong></span> <span class='ocrx_word' id='word_1_100' title='bbox 1320 844 1373 872; x_wconf 87' lang='lat' dir='ltr'><strong>ne</strong></span> 
     </span>
     <span class='ocr_line' id='line_1_14' title="bbox 242 885 1372 941; baseline -0.002 -14"><span class='ocrx_word' id='word_1_101' title='bbox 242 890 439 927; x_wconf 87' lang='lat' dir='ltr'><strong>tantulum</strong></span> <span class='ocrx_word' id='word_1_102' title='bbox 453 889 624 941; x_wconf 90' lang='lat' dir='ltr'><strong>quidem,</strong></span> <span class='ocrx_word' id='word_1_103' title='bbox 640 889 876 940; x_wconf 87' lang='lat' dir='ltr'><strong>praeterieris.</strong></span> <span class='ocrx_word' id='word_1_104' title='bbox 904 887 960 926; x_wconf 91' lang='lat' dir='ltr'><strong>Et</strong></span> <span class='ocrx_word' id='word_1_105' title='bbox 978 887 1026 926; x_wconf 88' lang='lat' dir='ltr'><strong>de</strong></span> <span class='ocrx_word' id='word_1_106' title='bbox 1040 886 1197 926; x_wconf 88' lang='lat' dir='ltr'><strong>Herode</strong></span> <span class='ocrx_word' id='word_1_107' title='bbox 1211 893 1248 925; x_wconf 84' lang='lat' dir='ltr'><strong>et</strong></span> <span class='ocrx_word' id='word_1_108' title='bbox 1262 885 1372 926; x_wconf 86' lang='lat' dir='ltr'><strong>Met·</strong></span> 
     </span>
     <span class='ocr_line' id='line_1_15' title="bbox 243 939 1370 994; baseline -0.001 -14"><span class='ocrx_word' id='word_1_109' title='bbox 243 942 297 981; x_wconf 89' lang='lat' dir='ltr'><strong>tio</strong></span> <span class='ocrx_word' id='word_1_110' title='bbox 326 943 551 991; x_wconf 76' lang='lat' dir='ltr'><strong>meminero,</strong></span> <span class='ocrx_word' id='word_1_111' title='bbox 587 951 624 981; x_wconf 93' lang='lat' dir='ltr'><strong>et</strong></span> <span class='ocrx_word' id='word_1_112' title='bbox 655 943 703 982; x_wconf 90' lang='lat' dir='ltr'><strong>de</strong></span> <span class='ocrx_word' id='word_1_113' title='bbox 731 943 924 991; x_wconf 88' lang='lat' dir='ltr'><strong>omnibus,</strong></span> <span class='ocrx_word' id='word_1_114' title='bbox 945 955 1034 994; x_wconf 88' lang='lat' dir='ltr'><strong>quae</strong></span> <span class='ocrx_word' id='word_1_115' title='bbox 1062 949 1100 980; x_wconf 90' lang='lat' dir='ltr'><strong>te</strong></span> <span class='ocrx_word' id='word_1_116' title='bbox 1117 941 1216 980; x_wconf 86' lang='lat' dir='ltr'><strong>velle</strong></span> <span class='ocrx_word' id='word_1_117' title='bbox 1242 939 1370 992; x_wconf 81' lang='lat' dir='ltr'><strong>suspi-</strong></span> 
     </span>
     <span class='ocr_line' id='line_1_16' title="bbox 246 994 1369 1048; baseline 0.001 -14"><span class='ocrx_word' id='word_1_118' title='bbox 246 999 358 1035; x_wconf 89' lang='lat' dir='ltr'><strong>cabor</strong></span> <span class='ocrx_word' id='word_1_119' title='bbox 370 997 497 1036; x_wconf 90' lang='lat' dir='ltr'><strong>modo.</strong></span> <span class='ocrx_word' id='word_1_120' title='bbox 527 997 565 1036; x_wconf 95' lang='grc' dir='ltr'><strong>Ο</strong></span> <span class='ocrx_word' id='word_1_121' title='bbox 587 1004 739 1048; x_wconf 86' lang='lat' dir='ltr'><strong>turpem</strong></span> <span class='ocrx_word' id='word_1_122' title='bbox 754 997 890 1036; x_wconf 86' lang='lat' dir='ltr'><strong>sororis</strong></span> <span class='ocrx_word' id='word_1_123' title='bbox 904 1004 982 1035; x_wconf 86' lang='lat' dir='ltr'><strong>tuae</strong></span> <span class='ocrx_word' id='word_1_124' title='bbox 996 995 1147 1034; x_wconf 81' lang='lat' dir='ltr'><strong>filium!</strong></span> <span class='ocrx_word' id='word_1_125' title='bbox 1178 1007 1269 1034; x_wconf 88' lang='lat' dir='ltr'><strong>cum</strong></span> <span class='ocrx_word' id='word_1_126' title='bbox 1285 994 1369 1035; x_wconf 81' lang='lat' dir='ltr'><strong>haec</strong></span> 
     </span>
     <span class='ocr_line' id='line_1_17' title="bbox 244 1048 1314 1100; baseline 0 -12"><span class='ocrx_word' id='word_1_127' title='bbox 244 1051 460 1100; x_wconf 80' lang='lat' dir='ltr'><strong>scriberem,</strong></span> <span class='ocrx_word' id='word_1_128' title='bbox 482 1051 711 1090; x_wconf 84' lang='lat' dir='ltr'><strong>adventabat</strong></span> <span class='ocrx_word' id='word_1_129' title='bbox 730 1052 916 1100; x_wconf 75' lang='grc' dir='ltr'>βουλυσει,</span> <span class='ocrx_word' id='word_1_130' title='bbox 936 1050 1172 1090; x_wconf 85' lang='lat' dir='ltr'><strong>coenantibus</strong></span> <span class='ocrx_word' id='word_1_131' title='bbox 1189 1048 1314 1088; x_wconf 82' lang='lat' dir='ltr'><strong>nobis.</strong></span> 
     </span>
    </p>
   </div>
   <div class='ocr_carea' id='block_1_3' title="bbox 467 1212 1150 1267">
    <p class='ocr_par' dir='ltr' id='par_1_4' title="bbox 467 1212 1150 1267">
     <span class='ocr_line' id='line_1_18' title="bbox 467 1212 1150 1267; baseline -0.003 -14"><span class='ocrx_word' id='word_1_132' title='bbox 467 1216 582 1267; x_wconf 80' lang='lat'><strong>(28.)</strong></span> <span class='ocrx_word' id='word_1_133' title='bbox 613 1212 832 1254; x_wconf 79' lang='lat' dir='ltr'>CICERO</span> <span class='ocrx_word' id='word_1_134' title='bbox 861 1213 1080 1254; x_wconf 81' lang='lat' dir='ltr'><strong>ATTICO</strong></span> <span class='ocrx_word' id='word_1_135' title='bbox 1108 1213 1150 1253; x_wconf 89' lang='lat' dir='ltr'><strong>s.</strong></span> 
     </span>
    </p>
   </div>
   <div class='ocr_carea' id='block_1_4' title="bbox 247 1321 1375 1698">
    <p class='ocr_par' dir='ltr' id='par_1_5' title="bbox 247 1321 1375 1698">
     <span class='ocr_line' id='line_1_19' title="bbox 302 1321 1371 1375; baseline 0.001 -14"><span class='ocrx_word' id='word_1_136' title='bbox 302 1323 404 1375; x_wconf 87' lang='lat' dir='ltr'><strong>Ego,</strong></span> <span class='ocrx_word' id='word_1_137' title='bbox 432 1331 478 1362; x_wconf 91' lang='lat' dir='ltr'><strong>ut</strong></span> <span class='ocrx_word' id='word_1_138' title='bbox 495 1323 545 1362; x_wconf 90' lang='lat' dir='ltr'><strong>ad</strong></span> <span class='ocrx_word' id='word_1_139' title='bbox 563 1330 602 1361; x_wconf 86' lang='lat' dir='ltr'><strong>te</strong></span> <span class='ocrx_word' id='word_1_140' title='bbox 619 1323 742 1375; x_wconf 88' lang='lat' dir='ltr'><strong>pridie</strong></span> <span class='ocrx_word' id='word_1_141' title='bbox 760 1323 998 1375; x_wconf 87' lang='lat' dir='ltr'><strong>scripseram,</strong></span> <span class='ocrx_word' id='word_1_142' title='bbox 1023 1322 1149 1362; x_wconf 87' lang='lat' dir='ltr'><strong>Nonis</strong></span> <span class='ocrx_word' id='word_1_143' title='bbox 1166 1321 1371 1362; x_wconf 83' lang='lat' dir='ltr'><strong>constitue-</strong></span> 
     </span>
     <span class='ocr_line' id='line_1_20' title="bbox 247 1376 1369 1429; baseline 0 -13"><span class='ocrx_word' id='word_1_144' title='bbox 247 1390 332 1416; x_wconf 87' lang='lat' dir='ltr'><strong>ram</strong></span> <span class='ocrx_word' id='word_1_145' title='bbox 347 1377 474 1416; x_wconf 88' lang='lat' dir='ltr'><strong>venire</strong></span> <span class='ocrx_word' id='word_1_146' title='bbox 491 1377 532 1415; x_wconf 91' lang='lat' dir='ltr'><strong>in</strong></span> <span class='ocrx_word' id='word_1_147' title='bbox 551 1377 830 1416; x_wconf 86' lang='lat' dir='ltr'><strong>Tusculanum.</strong></span> <span class='ocrx_word' id='word_1_148' title='bbox 863 1378 928 1416; x_wconf 91' lang='lat' dir='ltr'><strong>Ibi</strong></span> <span class='ocrx_word' id='word_1_149' title='bbox 945 1377 1064 1429; x_wconf 89' lang='lat' dir='ltr'><strong>igitur</strong></span> <span class='ocrx_word' id='word_1_150' title='bbox 1087 1376 1258 1429; x_wconf 86' lang='lat' dir='ltr'><strong>quotidie</strong></span> <span class='ocrx_word' id='word_1_151' title='bbox 1282 1383 1369 1416; x_wconf 87' lang='lat' dir='ltr'><strong>tuas</strong></span> 
     </span>
     <span class='ocr_line' id='line_1_21' title="bbox 248 1430 1370 1482; baseline 0.002 -14"><span class='ocrx_word' id='word_1_152' title='bbox 248 1431 377 1470; x_wconf 78' lang='lat' dir='ltr'><strong>literas</strong></span> <span class='ocrx_word' id='word_1_153' title='bbox 403 1433 644 1482; x_wconf 81' lang='lat' dir='ltr'><strong>exspectabo,</strong></span> <span class='ocrx_word' id='word_1_154' title='bbox 665 1440 702 1469; x_wconf 93' lang='lat' dir='ltr'><strong>et</strong></span> <span class='ocrx_word' id='word_1_155' title='bbox 720 1431 892 1469; x_wconf 80' lang='lat' dir='ltr'><strong>maxime</strong></span> <span class='ocrx_word' id='word_1_156' title='bbox 919 1431 966 1469; x_wconf 91' lang='lat' dir='ltr'><strong>de</strong></span> <span class='ocrx_word' id='word_1_157' title='bbox 990 1430 1120 1477; x_wconf 87' lang='lat' dir='ltr'><strong>ludis;</strong></span> <span class='ocrx_word' id='word_1_158' title='bbox 1151 1430 1199 1469; x_wconf 85' lang='lat' dir='ltr'><strong>de</strong></span> <span class='ocrx_word' id='word_1_159' title='bbox 1228 1431 1370 1482; x_wconf 90' lang='lat' dir='ltr'><strong>quibus</strong></span> 
     </span>
     <span class='ocr_line' id='line_1_22' title="bbox 249 1485 1369 1536; baseline 0.002 -14"><span class='ocrx_word' id='word_1_160' title='bbox 249 1485 366 1523; x_wconf 90' lang='lat' dir='ltr'><strong>etiam</strong></span> <span class='ocrx_word' id='word_1_161' title='bbox 378 1485 427 1522; x_wconf 87' lang='lat' dir='ltr'><strong>ad</strong></span> <span class='ocrx_word' id='word_1_162' title='bbox 439 1485 610 1523; x_wconf 84' lang='lat' dir='ltr'><strong>Brutum</strong></span> <span class='ocrx_word' id='word_1_163' title='bbox 625 1485 694 1522; x_wconf 90' lang='lat' dir='ltr'><strong>tibi</strong></span> <span class='ocrx_word' id='word_1_164' title='bbox 709 1485 951 1524; x_wconf 86' lang='lat' dir='ltr'><strong>scribendum</strong></span> <span class='ocrx_word' id='word_1_165' title='bbox 966 1492 1039 1523; x_wconf 89' lang='lat' dir='ltr'><strong>est:</strong></span> <span class='ocrx_word' id='word_1_166' title='bbox 1064 1485 1174 1534; x_wconf 91' lang='lat' dir='ltr'><strong>cujus</strong></span> <span class='ocrx_word' id='word_1_167' title='bbox 1186 1485 1369 1536; x_wconf 68' lang='lat' dir='ltr'><strong>epistolae,</strong></span> 
     </span>
     <span class='ocr_line' id='line_1_23' title="bbox 250 1539 1372 1592; baseline 0.002 -16"><span class='ocrx_word' id='word_1_168' title='bbox 250 1551 369 1590; x_wconf 91' lang='lat' dir='ltr'><strong>quam</strong></span> <span class='ocrx_word' id='word_1_169' title='bbox 387 1539 626 1590; x_wconf 89' lang='lat' dir='ltr'><strong>interpretari</strong></span> <span class='ocrx_word' id='word_1_170' title='bbox 636 1539 717 1589; x_wconf 90' lang='lat' dir='ltr'><strong>ipse</strong></span> <span class='ocrx_word' id='word_1_171' title='bbox 728 1539 794 1577; x_wconf 84' lang='lat' dir='ltr'><strong>vix</strong></span> <span class='ocrx_word' id='word_1_172' title='bbox 808 1547 994 1592; x_wconf 88' lang='lat' dir='ltr'><strong>poteram,</strong></span> <span class='ocrx_word' id='word_1_173' title='bbox 1010 1539 1234 1590; x_wconf 79' lang='lat' dir='ltr'><strong>exemplum</strong></span> <span class='ocrx_word' id='word_1_174' title='bbox 1247 1539 1372 1591; x_wconf 79' lang='lat' dir='ltr'><strong>pridie</strong></span> 
     </span>
     <span class='ocr_line' id='line_1_24' title="bbox 250 1593 1375 1641; baseline 0.001 -11"><span class='ocrx_word' id='word_1_175' title='bbox 250 1593 322 1630; x_wconf 88' lang='lat' dir='ltr'><strong>tibi</strong></span> <span class='ocrx_word' id='word_1_176' title='bbox 336 1593 527 1631; x_wconf 90' lang='lat' dir='ltr'><strong>miseram.</strong></span> <span class='ocrx_word' id='word_1_177' title='bbox 569 1593 709 1631; x_wconf 89' lang='lat' dir='ltr'><strong>Atticae</strong></span> <span class='ocrx_word' id='word_1_178' title='bbox 726 1605 822 1631; x_wconf 87' lang='lat' dir='ltr'><strong>meae</strong></span> <span class='ocrx_word' id='word_1_179' title='bbox 841 1593 956 1631; x_wconf 81' lang='lat' dir='ltr'><strong>velim</strong></span> <span class='ocrx_word' id='word_1_180' title='bbox 975 1606 1038 1631; x_wconf 90' lang='lat' dir='ltr'><strong>me</strong></span> <span class='ocrx_word' id='word_1_181' title='bbox 1054 1593 1110 1630; x_wconf 82' lang='lat' dir='ltr'><strong>ita</strong></span> <span class='ocrx_word' id='word_1_182' title='bbox 1135 1605 1304 1641; x_wconf 60' lang='lat' dir='ltr'><strong>excuses,</strong></span> <span class='ocrx_word' id='word_1_183' title='bbox 1330 1600 1375 1632; x_wconf 87' lang='lat' dir='ltr'><strong>ut</strong></span> 
     </span>
     <span class='ocr_line' id='line_1_25' title="bbox 252 1646 1375 1698; baseline 0.001 -14"><span class='ocrx_word' id='word_1_184' title='bbox 252 1659 408 1684; x_wconf 87' lang='lat' dir='ltr'><strong>omnem</strong></span> <span class='ocrx_word' id='word_1_185' title='bbox 439 1647 594 1698; x_wconf 81' lang='lat' dir='ltr'><strong>culpam</strong></span> <span class='ocrx_word' id='word_1_186' title='bbox 623 1647 664 1684; x_wconf 92' lang='lat' dir='ltr'><strong>in</strong></span> <span class='ocrx_word' id='word_1_187' title='bbox 693 1654 731 1685; x_wconf 89' lang='lat' dir='ltr'><strong>te</strong></span> <span class='ocrx_word' id='word_1_188' title='bbox 754 1647 972 1696; x_wconf 83' lang='lat' dir='ltr'><strong>transferas,</strong></span> <span class='ocrx_word' id='word_1_189' title='bbox 1002 1654 1039 1686; x_wconf 91' lang='lat' dir='ltr'><strong>et</strong></span> <span class='ocrx_word' id='word_1_190' title='bbox 1068 1646 1103 1685; x_wconf 91' lang='lat' dir='ltr'><strong>ei</strong></span> <span class='ocrx_word' id='word_1_191' title='bbox 1131 1653 1260 1685; x_wconf 83' lang='lat' dir='ltr'><strong>tamen</strong></span> <span class='ocrx_word' id='word_1_192' title='bbox 1285 1659 1375 1686; x_wconf 80' lang='lat' dir='ltr'><strong>oon-</strong></span> 
     </span>
    </p>
   </div>
   <div class='ocr_carea' id='block_1_5' title="bbox 252 1699 1375 1793">
    <p class='ocr_par' dir='ltr' id='par_1_6' title="bbox 252 1699 1375 1793">
     <span class='ocr_line' id='line_1_26' title="bbox 252 1699 1375 1791; baseline 0.002 -53"><span class='ocrx_word' id='word_1_193' title='bbox 252 1699 396 1791; x_wconf 48' lang='lat' dir='ltr'><strong>l{rmeffi</strong></span> <span class='ocrx_word' id='word_1_194' title='bbox 416 1713 480 1740; x_wconf 89' lang='lat' dir='ltr'><strong>me</strong></span> <span class='ocrx_word' id='word_1_195' title='bbox 497 1701 658 1739; x_wconf 88' lang='lat' dir='ltr'><strong>minime</strong></span> <span class='ocrx_word' id='word_1_196' title='bbox 686 1708 813 1740; x_wconf 88' lang='lat' dir='ltr'><strong>totum</strong></span> <span class='ocrx_word' id='word_1_197' title='bbox 838 1714 1007 1741; x_wconf 88' lang='lat' dir='ltr'><strong>amorem</strong></span> <span class='ocrx_word' id='word_1_198' title='bbox 1032 1713 1077 1740; x_wconf 86' lang='lat' dir='ltr'><strong>eo</strong></span> <span class='ocrx_word' id='word_1_199' title='bbox 1093 1713 1247 1740; x_wconf 85' lang='lat' dir='ltr'><strong>mecum</strong></span> <span class='ocrx_word' id='word_1_200' title='bbox 1272 1708 1375 1741; x_wconf 87' lang='lat' dir='ltr'><strong>attu-</strong></span> 
     </span>
     <span class='ocr_line' id='line_1_27' title="bbox 282 1767 350 1793; baseline 0 0"><span class='ocrx_word' id='word_1_201' title='bbox 282 1767 350 1793; x_wconf 82' lang='lat' dir='ltr'><strong>sse.</strong></span> 
     </span>
    </p>
   </div>
   <div class='ocr_carea' id='block_1_6' title="bbox 472 1916 1162 1969">
    <p class='ocr_par' dir='ltr' id='par_1_7' title="bbox 472 1916 1162 1969">
     <span class='ocr_line' id='line_1_28' title="bbox 472 1916 1162 1969; baseline 0.003 -13"><span class='ocrx_word' id='word_1_202' title='bbox 472 1917 586 1969; x_wconf 85' lang='lat'>(29.)</span> <span class='ocrx_word' id='word_1_203' title='bbox 623 1916 841 1959; x_wconf 80' lang='lat' dir='ltr'>CICERO</span> <span class='ocrx_word' id='word_1_204' title='bbox 870 1916 1093 1960; x_wconf 78' lang='lat' dir='ltr'><strong>A&#39;r&#39;r1co</strong></span> <span class='ocrx_word' id='word_1_205' title='bbox 1120 1918 1162 1958; x_wconf 76' lang='lat' dir='ltr'><strong>s·</strong></span> 
     </span>
    </p>
   </div>
   <div class='ocr_carea' id='block_1_7' title="bbox 254 2024 1375 2294">
    <p class='ocr_par' dir='ltr' id='par_1_8' title="bbox 254 2024 1375 2294">
     <span class='ocr_line' id='line_1_29' title="bbox 322 2024 1372 2079; baseline 0.005 -17"><span class='ocrx_word' id='word_1_206' title='bbox 322 2024 437 2063; x_wconf 83' lang='lat' dir='ltr'><strong>Bruti</strong></span> <span class='ocrx_word' id='word_1_207' title='bbox 463 2026 514 2065; x_wconf 87' lang='lat' dir='ltr'><strong>ad</strong></span> <span class='ocrx_word' id='word_1_208' title='bbox 545 2033 583 2065; x_wconf 92' lang='lat' dir='ltr'><strong>te</strong></span> <span class='ocrx_word' id='word_1_209' title='bbox 607 2027 806 2079; x_wconf 89' lang='lat' dir='ltr'><strong>epistolam</strong></span> <span class='ocrx_word' id='word_1_210' title='bbox 838 2027 939 2067; x_wconf 85' lang='lat' dir='ltr'><strong>misi.</strong></span> <span class='ocrx_word' id='word_1_211' title='bbox 981 2027 1052 2067; x_wconf 92' lang='lat' dir='ltr'><strong>Dii</strong></span> <span class='ocrx_word' id='word_1_212' title='bbox 1086 2025 1193 2074; x_wconf 83' lang='lat' dir='ltr'><strong>boni,</strong></span> <span class='ocrx_word' id='word_1_213' title='bbox 1226 2033 1372 2079; x_wconf 70' lang='lat' dir='ltr'><strong>quanta</strong></span> 
     </span>
     <span class='ocr_line' id='line_1_30' title="bbox 257 2080 1375 2134; baseline 0.001 -14"><span class='ocrx_word' id='word_1_214' title='bbox 257 2080 468 2130; x_wconf 70' lang='grc' dir='ltr'><em>αμηχανιαέ</em></span> <span class='ocrx_word' id='word_1_215' title='bbox 500 2080 728 2132; x_wconf 59' lang='lat' dir='ltr'><strong>Cognosces,</strong></span> <span class='ocrx_word' id='word_1_216' title='bbox 748 2094 837 2121; x_wconf 87' lang='lat' dir='ltr'><strong>cum</strong></span> <span class='ocrx_word' id='word_1_217' title='bbox 854 2081 1002 2134; x_wconf 86' lang='lat' dir='ltr'><strong>legeris.</strong></span> <span class='ocrx_word' id='word_1_218' title='bbox 1034 2081 1098 2120; x_wconf 92' lang='lat' dir='ltr'><strong>De</strong></span> <span class='ocrx_word' id='word_1_219' title='bbox 1121 2081 1375 2121; x_wconf 81' lang='lat' dir='ltr'><strong>celebratione</strong></span> 
     </span>
     <span class='ocr_line' id='line_1_31' title="bbox 254 2130 1373 2183; baseline 0.006 -15"><span class='ocrx_word' id='word_1_220' title='bbox 254 2130 437 2170; x_wconf 89' lang='lat' dir='ltr'><strong>ludorum</strong></span> <span class='ocrx_word' id='word_1_221' title='bbox 454 2135 585 2183; x_wconf 88' lang='lat' dir='ltr'><strong>Bruti,</strong></span> <span class='ocrx_word' id='word_1_222' title='bbox 605 2135 674 2174; x_wconf 90' lang='lat' dir='ltr'><strong>tibi</strong></span> <span class='ocrx_word' id='word_1_223' title='bbox 691 2136 884 2175; x_wconf 82' lang='lat' dir='ltr'><strong>assentior.</strong></span> <span class='ocrx_word' id='word_1_224' title='bbox 913 2136 983 2175; x_wconf 88' lang='lat' dir='ltr'><strong>Ad</strong></span> <span class='ocrx_word' id='word_1_225' title='bbox 994 2135 1056 2174; x_wconf 89' lang='grc' dir='ltr'><strong>Μ.</strong></span> <span class='ocrx_word' id='word_1_226' title='bbox 1072 2134 1226 2173; x_wconf 88' lang='lat' dir='ltr'><strong>AElium</strong></span> <span class='ocrx_word' id='word_1_227' title='bbox 1238 2135 1373 2175; x_wconf 83' lang='lat' dir='ltr'><strong>nullus</strong></span> 
     </span>
     <span class='ocr_line' id='line_1_32' title="bbox 256 2186 1374 2246; baseline 0.006 -24"><span class='ocrx_word' id='word_1_228' title='bbox 256 2192 297 2222; x_wconf 85' lang='lat' dir='ltr'><strong>tu</strong></span> <span class='ocrx_word' id='word_1_229' title='bbox 313 2186 470 2246; x_wconf 63' lang='lat' dir='ltr'><strong>quidem</strong></span> <span class='ocrx_word' id='word_1_230' title='bbox 481 2189 656 2239; x_wconf 89' lang='lat' dir='ltr'><strong>domum,</strong></span> <span class='ocrx_word' id='word_1_231' title='bbox 677 2190 742 2229; x_wconf 87' lang='lat' dir='ltr'><strong>sed</strong></span> <span class='ocrx_word' id='word_1_232' title='bbox 761 2190 882 2229; x_wconf 90' lang='lat' dir='ltr'><strong>sicubi</strong></span> <span class='ocrx_word' id='word_1_233' title='bbox 895 2189 1081 2229; x_wconf 87' lang='lat' dir='ltr'><strong>inciderit.</strong></span> <span class='ocrx_word' id='word_1_234' title='bbox 1108 2188 1172 2228; x_wconf 92' lang='lat' dir='ltr'><strong>De</strong></span> <span class='ocrx_word' id='word_1_235' title='bbox 1189 2187 1374 2229; x_wconf 82' lang='lat' dir='ltr'><strong>Tulliano</strong></span> 
     </span>
     <span class='ocr_line' id='line_1_33' title="bbox 256 2241 1370 2294; baseline 0.005 -16"><span class='ocrx_word' id='word_1_236' title='bbox 256 2250 422 2291; x_wconf 74' lang='lat' dir='ltr'><strong>semisse,</strong></span> <span class='ocrx_word' id='word_1_237' title='bbox 453 2243 512 2283; x_wconf 79' lang='lat' dir='ltr'><strong>M.</strong></span> <span class='ocrx_word' id='word_1_238' title='bbox 532 2243 735 2284; x_wconf 82' lang='lat' dir='ltr'><strong>Axianum</strong></span> <span class='ocrx_word' id='word_1_239' title='bbox 754 2243 966 2294; x_wconf 85' lang='lat' dir='ltr'><strong>adhibebis,</strong></span> <span class='ocrx_word' id='word_1_240' title='bbox 1000 2251 1044 2285; x_wconf 85' lang='lat' dir='ltr'><strong>ut</strong></span> <span class='ocrx_word' id='word_1_241' title='bbox 1068 2241 1212 2284; x_wconf 83' lang='lat' dir='ltr'><strong>scribis.</strong></span> <span class='ocrx_word' id='word_1_242' title='bbox 1250 2242 1370 2293; x_wconf 83' lang='lat' dir='ltr'><strong>Quod</strong></span> 
     </span>
    </p>
   </div>
  </div>
 </body>
</html>
