<?xml version="1.0" encoding="UTF-8"?>
<!DOCTYPE html PUBLIC "-//W3C//DTD XHTML 1.0 Transitional//EN"
    "http://www.w3.org/TR/xhtml1/DTD/xhtml1-transitional.dtd">
<html xmlns="http://www.w3.org/1999/xhtml" xml:lang="en" lang="en">
 <head>
  <title>
</title>
<meta http-equiv="Content-Type" content="text/html;charset=utf-8" />
  <meta name='ocr-system' content='tesseract 3.04.00' />
  <meta name='ocr-capabilities' content='ocr_page ocr_carea ocr_par ocr_line ocrx_word'/>
</head>
<body>
  <div class='ocr_page' id='page_1' title='image "./operaern11ciceuoft_0098.png"; bbox 0 0 1467 2401; ppageno 0'>
   <div class='ocr_carea' id='block_1_1' title="bbox 250 119 1185 163">
    <p class='ocr_par' dir='ltr' id='par_1_1' title="bbox 250 119 1185 163">
     <span class='ocr_line' id='line_1_1' title="bbox 250 119 1185 163; baseline 0.001 -3"><span class='ocrx_word' id='word_1_1' title='bbox 250 121 303 160; x_wconf 86' lang='grc'>84</span> <span class='ocrx_word' id='word_1_2' title='bbox 452 122 536 161; x_wconf 93' lang='lat' dir='ltr'>AD</span> <span class='ocrx_word' id='word_1_3' title='bbox 564 119 851 162; x_wconf 83' lang='lat' dir='ltr'><strong>ATTICUM.</strong></span> <span class='ocrx_word' id='word_1_4' title='bbox 881 122 983 162; x_wconf 80' lang='lat' dir='ltr'>Lm.</span> <span class='ocrx_word' id='word_1_5' title='bbox 1009 123 1090 163; x_wconf 87' lang='lat' dir='ltr'>XI.</span> <span class='ocrx_word' id='word_1_6' title='bbox 1123 125 1185 163; x_wconf 86' lang='lat'>12.</span> 
     </span>
    </p>
   </div>
   <div class='ocr_carea' id='block_1_2' title="bbox 236 229 1369 611">
    <p class='ocr_par' dir='ltr' id='par_1_2' title="bbox 236 229 1369 611">
     <span class='ocr_line' id='line_1_2' title="bbox 294 229 1369 279; baseline 0.002 -11"><span class='ocrx_word' id='word_1_7' title='bbox 294 229 448 279; x_wconf 80' lang='lat' dir='ltr'>Postea,</span> <span class='ocrx_word' id='word_1_8' title='bbox 468 244 558 270; x_wconf 90' lang='lat' dir='ltr'>cum</span> <span class='ocrx_word' id='word_1_9' title='bbox 577 233 677 272; x_wconf 87' lang='lat' dir='ltr'>mihi</span> <span class='ocrx_word' id='word_1_10' title='bbox 694 233 814 272; x_wconf 88' lang='lat' dir='ltr'>literae</span> <span class='ocrx_word' id='word_1_11' title='bbox 833 246 856 271; x_wconf 88' lang='lat' dir='ltr'>a</span> <span class='ocrx_word' id='word_1_12' title='bbox 874 232 1001 272; x_wconf 85' lang='lat' dir='ltr'>Balbo</span> <span class='ocrx_word' id='word_1_13' title='bbox 1021 231 1201 272; x_wconf 89' lang='lat' dir='ltr'>Cornelio</span> <span class='ocrx_word' id='word_1_14' title='bbox 1219 230 1369 270; x_wconf 86' lang='lat' dir='ltr'>minore</span> 
     </span>
     <span class='ocr_line' id='line_1_3' title="bbox 238 284 1366 335; baseline 0.001 -14"><span class='ocrx_word' id='word_1_15' title='bbox 238 284 366 322; x_wconf 78' lang='lat' dir='ltr'>missae</span> <span class='ocrx_word' id='word_1_16' title='bbox 396 298 454 323; x_wconf 70' lang='lat' dir='ltr'>ess</span> <span class='ocrx_word' id='word_1_17' title='bbox 449 293 534 332; x_wconf 75' lang='lat' dir='ltr'>ent,</span> <span class='ocrx_word' id='word_1_18' title='bbox 565 287 678 326; x_wconf 87' lang='lat' dir='ltr'>illum</span> <span class='ocrx_word' id='word_1_19' title='bbox 712 288 943 334; x_wconf 82' lang='lat' dir='ltr'>existimare,</span> <span class='ocrx_word' id='word_1_20' title='bbox 977 287 1174 335; x_wconf 87' lang='lat' dir='ltr'>Quintum</span> <span class='ocrx_word' id='word_1_21' title='bbox 1207 285 1366 323; x_wconf 83' lang='lat' dir='ltr'>fratrem</span> 
     </span>
     <span class='ocr_line' id='line_1_4' title="bbox 240 336 1363 394; baseline 0.002 -19"><span class='ocrx_word' id='word_1_22' title='bbox 240 336 424 391; x_wconf 84' lang='lat' dir='ltr'>[lituum]</span> <span class='ocrx_word' id='word_1_23' title='bbox 445 353 542 378; x_wconf 85' lang='lat' dir='ltr'>meae</span> <span class='ocrx_word' id='word_1_24' title='bbox 560 342 802 393; x_wconf 86' lang='lat' dir='ltr'>profectionis</span> <span class='ocrx_word' id='word_1_25' title='bbox 820 341 936 379; x_wconf 83' lang='lat' dir='ltr'>fuisse</span> <span class='ocrx_word' id='word_1_26' title='bbox 957 342 1029 394; x_wconf 89' lang='lat' dir='ltr'>(ita</span> <span class='ocrx_word' id='word_1_27' title='bbox 1047 341 1152 379; x_wconf 88' lang='lat' dir='ltr'>enim</span> <span class='ocrx_word' id='word_1_28' title='bbox 1171 339 1362 391; x_wconf 83' lang='lat' dir='ltr'>scripsit)-</span> <span class='ocrx_word' id='word_1_29' title='bbox 1350 367 1363 385; x_wconf 87' lang='lat'><strong>‚</strong></span> 
     </span>
     <span class='ocr_line' id='line_1_5' title="bbox 236 392 1365 458; baseline 0.001 -28"><span class='ocrx_word' id='word_1_30' title='bbox 236 392 306 443; x_wconf 94' lang='lat' dir='ltr'>qui</span> <span class='ocrx_word' id='word_1_31' title='bbox 323 393 498 432; x_wconf 80' lang='lat' dir='ltr'>nondum</span> <span class='ocrx_word' id='word_1_32' title='bbox 523 399 760 458; x_wconf 76' lang='lat' dir='ltr'>cogn6ssem,</span> <span class='ocrx_word' id='word_1_33' title='bbox 781 410 869 448; x_wconf 88' lang='lat' dir='ltr'>quae</span> <span class='ocrx_word' id='word_1_34' title='bbox 896 396 943 433; x_wconf 90' lang='lat' dir='ltr'>de</span> <span class='ocrx_word' id='word_1_35' title='bbox 970 409 1035 434; x_wconf 91' lang='lat' dir='ltr'>me</span> <span class='ocrx_word' id='word_1_36' title='bbox 1054 395 1228 443; x_wconf 84' lang='lat' dir='ltr'><strong>Quintus</strong></span> <span class='ocrx_word' id='word_1_37' title='bbox 1247 394 1365 445; x_wconf 89' lang='lat' dir='ltr'>scrip-</span> 
     </span>
     <span class='ocr_line' id='line_1_6' title="bbox 237 446 1364 502; baseline 0.001 -18"><span class='ocrx_word' id='word_1_38' title='bbox 237 446 344 486; x_wconf 88' lang='lat' dir='ltr'>sisset</span> <span class='ocrx_word' id='word_1_39' title='bbox 363 448 412 486; x_wconf 86' lang='lat' dir='ltr'>ad</span> <span class='ocrx_word' id='word_1_40' title='bbox 440 450 612 495; x_wconf 84' lang='lat' dir='ltr'>multos;</span> <span class='ocrx_word' id='word_1_41' title='bbox 643 451 712 489; x_wconf 90' lang='lat' dir='ltr'>etsi</span> <span class='ocrx_word' id='word_1_42' title='bbox 737 451 862 488; x_wconf 88' lang='lat' dir='ltr'>multa</span> <span class='ocrx_word' id='word_1_43' title='bbox 886 463 1052 502; x_wconf 75' lang='lat' dir='ltr'>praesens</span> <span class='ocrx_word' id='word_1_44' title='bbox 1070 452 1111 487; x_wconf 89' lang='lat' dir='ltr'>in</span> <span class='ocrx_word' id='word_1_45' title='bbox 1135 456 1364 500; x_wconf 86' lang='lat' dir='ltr'>praesentem</span> 
     </span>
     <span class='ocr_line' id='line_1_7' title="bbox 236 502 1366 555; baseline 0.001 -16"><span class='ocrx_word' id='word_1_46' title='bbox 236 503 369 540; x_wconf 84' lang='lat' dir='ltr'>acerbe</span> <span class='ocrx_word' id='word_1_47' title='bbox 383 503 532 541; x_wconf 82' lang='lat' dir='ltr'>dixerat</span> <span class='ocrx_word' id='word_1_48' title='bbox 550 512 587 542; x_wconf 90' lang='lat' dir='ltr'>et</span> <span class='ocrx_word' id='word_1_49' title='bbox 605 504 772 549; x_wconf 52' lang='lat' dir='ltr'>feceram</span> <span class='ocrx_word' id='word_1_50' title='bbox 802 515 933 543; x_wconf 89' lang='lat' dir='ltr'>tamen</span> <span class='ocrx_word' id='word_1_51' title='bbox 950 503 1067 554; x_wconf 82' lang='lat' dir='ltr'>[Nilo</span> <span class='ocrx_word' id='word_1_52' title='bbox 1081 504 1188 555; x_wconf 89' lang='lat' dir='ltr'>meo]</span> <span class='ocrx_word' id='word_1_53' title='bbox 1209 502 1270 541; x_wconf 87' lang='lat' dir='ltr'>his</span> <span class='ocrx_word' id='word_1_54' title='bbox 1281 515 1366 541; x_wconf 87' lang='lat' dir='ltr'>ver-</span> 
     </span>
     <span class='ocr_line' id='line_1_8' title="bbox 237 555 765 611; baseline 0.008 -18"><span class='ocrx_word' id='word_1_55' title='bbox 237 555 296 594; x_wconf 92' lang='lat' dir='ltr'>bis</span> <span class='ocrx_word' id='word_1_56' title='bbox 315 556 365 594; x_wconf 89' lang='lat' dir='ltr'>ad</span> <span class='ocrx_word' id='word_1_57' title='bbox 385 557 580 596; x_wconf 78' lang='lat' dir='ltr'>Caesarem</span> <span class='ocrx_word' id='word_1_58' title='bbox 599 559 733 611; x_wconf 87' lang='lat' dir='ltr'>scripsi</span> <span class='ocrx_word' id='word_1_59' title='bbox 752 573 765 597; x_wconf 86' lang='lat'>:-</span> 
     </span>
    </p>
   </div>
   <div class='ocr_carea' id='block_1_3' title="bbox 232 665 1366 1262">
    <p class='ocr_par' dir='ltr' id='par_1_3' title="bbox 232 665 1366 1262">
     <span class='ocr_line' id='line_1_9' title="bbox 294 665 1364 718; baseline 0.001 -15"><span class='ocrx_word' id='word_1_60' title='bbox 294 666 323 688; x_wconf 84' lang='lat'><strong>“</strong></span> <span class='ocrx_word' id='word_1_61' title='bbox 344 665 409 703; x_wconf 92' lang='lat' dir='ltr'>De</span> <span class='ocrx_word' id='word_1_62' title='bbox 427 665 576 714; x_wconf 86' lang='lat' dir='ltr'>Quinto</span> <span class='ocrx_word' id='word_1_63' title='bbox 594 667 709 706; x_wconf 87' lang='lat' dir='ltr'>fratre</span> <span class='ocrx_word' id='word_1_64' title='bbox 727 681 814 706; x_wconf 87' lang='lat' dir='ltr'>meo</span> <span class='ocrx_word' id='word_1_65' title='bbox 832 680 909 706; x_wconf 90' lang='lat' dir='ltr'>non</span> <span class='ocrx_word' id='word_1_66' title='bbox 929 667 1060 705; x_wconf 90' lang='lat' dir='ltr'>minus</span> <span class='ocrx_word' id='word_1_67' title='bbox 1077 666 1223 711; x_wconf 83' lang='lat' dir='ltr'>laboro,</span> <span class='ocrx_word' id='word_1_68' title='bbox 1244 678 1364 718; x_wconf 84' lang='lat' dir='ltr'>quam</span> 
     </span>
     <span class='ocr_line' id='line_1_10' title="bbox 236 717 1366 771; baseline 0.002 -15"><span class='ocrx_word' id='word_1_69' title='bbox 236 717 284 756; x_wconf 92' lang='lat' dir='ltr'>de</span> <span class='ocrx_word' id='word_1_70' title='bbox 302 732 366 758; x_wconf 87' lang='lat' dir='ltr'>me</span> <span class='ocrx_word' id='word_1_71' title='bbox 384 722 490 771; x_wconf 88' lang='lat' dir='ltr'>ipso·</span> <span class='ocrx_word' id='word_1_72' title='bbox 523 722 588 760; x_wconf 87' lang='lat' dir='ltr'>sed</span> <span class='ocrx_word' id='word_1_73' title='bbox 601 735 689 760; x_wconf 92' lang='lat' dir='ltr'>eum</span> <span class='ocrx_word' id='word_1_74' title='bbox 708 723 777 760; x_wconf 88' lang='lat' dir='ltr'>tibi</span> <span class='ocrx_word' id='word_1_75' title='bbox 793 722 1059 760; x_wconf 88' lang='lat' dir='ltr'>commendare</span> <span class='ocrx_word' id='word_1_76' title='bbox 1077 721 1150 759; x_wconf 92' lang='lat' dir='ltr'>hoc</span> <span class='ocrx_word' id='word_1_77' title='bbox 1165 734 1252 758; x_wconf 86' lang='lat' dir='ltr'>meo</span> <span class='ocrx_word' id='word_1_78' title='bbox 1265 729 1366 758; x_wconf 91' lang='lat' dir='ltr'>tem-</span> 
     </span>
     <span class='ocr_line' id='line_1_11' title="bbox 235 775 1364 826; baseline 0.002 -16"><span class='ocrx_word' id='word_1_79' title='bbox 235 785 328 824; x_wconf 87' lang='lat' dir='ltr'>pore</span> <span class='ocrx_word' id='word_1_80' title='bbox 340 787 417 812; x_wconf 93' lang='lat' dir='ltr'>non</span> <span class='ocrx_word' id='word_1_81' title='bbox 437 775 571 814; x_wconf 87' lang='lat' dir='ltr'>audeo.</span> <span class='ocrx_word' id='word_1_82' title='bbox 601 776 709 815; x_wconf 91' lang='lat' dir='ltr'>Illud</span> <span class='ocrx_word' id='word_1_83' title='bbox 725 777 913 814; x_wconf 81' lang='lat' dir='ltr'><strong>duntaxat</strong></span> <span class='ocrx_word' id='word_1_84' title='bbox 929 784 1058 814; x_wconf 85' lang='lat' dir='ltr'>tamen</span> <span class='ocrx_word' id='word_1_85' title='bbox 1073 775 1221 813; x_wconf 84' lang='lat' dir='ltr'>audebo</span> <span class='ocrx_word' id='word_1_86' title='bbox 1235 782 1364 826; x_wconf 88' lang='lat' dir='ltr'>petere</span> 
     </span>
     <span class='ocr_line' id='line_1_12' title="bbox 234 829 1363 882; baseline 0.003 -18"><span class='ocrx_word' id='word_1_87' title='bbox 234 829 302 865; x_wconf 81' lang='lat' dir='ltr'>abs</span> <span class='ocrx_word' id='word_1_88' title='bbox 322 836 371 875; x_wconf 89' lang='lat' dir='ltr'>te,</span> <span class='ocrx_word' id='word_1_89' title='bbox 393 829 496 880; x_wconf 87' lang='lat' dir='ltr'>quod</span> <span class='ocrx_word' id='word_1_90' title='bbox 513 838 549 868; x_wconf 92' lang='lat' dir='ltr'>te</span> <span class='ocrx_word' id='word_1_91' title='bbox 567 843 647 876; x_wconf 86' lang='lat' dir='ltr'>oro,</span> <span class='ocrx_word' id='word_1_92' title='bbox 668 843 716 868; x_wconf 90' lang='lat' dir='ltr'>ne</span> <span class='ocrx_word' id='word_1_93' title='bbox 736 831 830 882; x_wconf 89' lang='lat' dir='ltr'>quid</span> <span class='ocrx_word' id='word_1_94' title='bbox 850 830 1043 868; x_wconf 82' lang='lat' dir='ltr'>existimes</span> <span class='ocrx_word' id='word_1_95' title='bbox 1062 831 1110 867; x_wconf 91' lang='lat' dir='ltr'>ab</span> <span class='ocrx_word' id='word_1_96' title='bbox 1129 829 1196 866; x_wconf 89' lang='lat' dir='ltr'>illo</span> <span class='ocrx_word' id='word_1_97' title='bbox 1215 829 1363 867; x_wconf 82' lang='lat' dir='ltr'>factum</span> 
     </span>
     <span class='ocr_line' id='line_1_13' title="bbox 235 883 1364 934; baseline 0.002 -15"><span class='ocrx_word' id='word_1_98' title='bbox 235 894 330 927; x_wconf 87' lang='lat' dir='ltr'>esse,</span> <span class='ocrx_word' id='word_1_99' title='bbox 351 883 560 934; x_wconf 86' lang='lat' dir='ltr'>quominus</span> <span class='ocrx_word' id='word_1_100' title='bbox 579 897 666 922; x_wconf 89' lang='lat' dir='ltr'>mea</span> <span class='ocrx_word' id='word_1_101' title='bbox 684 884 724 921; x_wconf 93' lang='lat' dir='ltr'>in</span> <span class='ocrx_word' id='word_1_102' title='bbox 744 892 781 922; x_wconf 85' lang='lat' dir='ltr'>te</span> <span class='ocrx_word' id='word_1_103' title='bbox 797 884 920 923; x_wconf 86' lang='lat' dir='ltr'>officia</span> <span class='ocrx_word' id='word_1_104' title='bbox 938 890 1167 930; x_wconf 75' lang='lat' dir='ltr'>constarent,</span> <span class='ocrx_word' id='word_1_105' title='bbox 1187 883 1364 921; x_wconf 86' lang='lat' dir='ltr'>minusve</span> 
     </span>
     <span class='ocr_line' id='line_1_14' title="bbox 235 936 1366 991; baseline 0.002 -18"><span class='ocrx_word' id='word_1_106' title='bbox 235 943 274 973; x_wconf 87' lang='lat' dir='ltr'>te</span> <span class='ocrx_word' id='word_1_107' title='bbox 293 936 518 987; x_wconf 77' lang='lat' dir='ltr'>diligerem3</span> <span class='ocrx_word' id='word_1_108' title='bbox 544 939 748 991; x_wconf 86' lang='lat' dir='ltr'>potiusque</span> <span class='ocrx_word' id='word_1_109' title='bbox 767 951 917 990; x_wconf 78' lang='lat' dir='ltr'>semper</span> <span class='ocrx_word' id='word_1_110' title='bbox 930 939 1043 976; x_wconf 88' lang='lat' dir='ltr'>illum</span> <span class='ocrx_word' id='word_1_111' title='bbox 1062 945 1257 976; x_wconf 88' lang='lat' dir='ltr'>auctorem</span> <span class='ocrx_word' id='word_1_112' title='bbox 1275 949 1366 975; x_wconf 89' lang='lat' dir='ltr'>nos-</span> 
     </span>
     <span class='ocr_line' id='line_1_15' title="bbox 234 991 1364 1044; baseline 0.003 -17"><span class='ocrx_word' id='word_1_113' title='bbox 234 996 304 1028; x_wconf 88' lang='lat' dir='ltr'>trae</span> <span class='ocrx_word' id='word_1_114' title='bbox 319 992 595 1040; x_wconf 85' lang='lat' dir='ltr'>conjunctionis</span> <span class='ocrx_word' id='word_1_115' title='bbox 607 993 737 1040; x_wconf 87' lang='lat' dir='ltr'>fuisse,</span> <span class='ocrx_word' id='word_1_116' title='bbox 750 992 904 1044; x_wconf 88' lang='lat' dir='ltr'>meique</span> <span class='ocrx_word' id='word_1_117' title='bbox 918 991 1063 1031; x_wconf 88' lang='lat' dir='ltr'>itineris</span> <span class='ocrx_word' id='word_1_118' title='bbox 1075 991 1269 1038; x_wconf 82' lang='lat' dir='ltr'>comitem,</span> <span class='ocrx_word' id='word_1_119' title='bbox 1285 1003 1364 1030; x_wconf 89' lang='lat' dir='ltr'>non</span> 
     </span>
     <span class='ocr_line' id='line_1_16' title="bbox 234 1044 1361 1094; baseline 0.003 -13"><span class='ocrx_word' id='word_1_120' title='bbox 234 1044 390 1082; x_wconf 89' lang='lat' dir='ltr'>ducem.</span> <span class='ocrx_word' id='word_1_121' title='bbox 416 1046 563 1094; x_wconf 88' lang='lat' dir='ltr'>Quare,</span> <span class='ocrx_word' id='word_1_122' title='bbox 591 1048 734 1085; x_wconf 85' lang='lat' dir='ltr'>caeteris</span> <span class='ocrx_word' id='word_1_123' title='bbox 765 1048 805 1085; x_wconf 89' lang='lat' dir='ltr'>in</span> <span class='ocrx_word' id='word_1_124' title='bbox 834 1048 948 1086; x_wconf 91' lang='lat' dir='ltr'>rebus</span> <span class='ocrx_word' id='word_1_125' title='bbox 974 1045 1128 1085; x_wconf 80' lang='lat' dir='ltr'>tantum</span> <span class='ocrx_word' id='word_1_126' title='bbox 1148 1045 1182 1084; x_wconf 91' lang='lat' dir='ltr'>ei</span> <span class='ocrx_word' id='word_1_127' title='bbox 1202 1045 1361 1093; x_wconf 86' lang='lat' dir='ltr'>tribues,</span> 
     </span>
     <span class='ocr_line' id='line_1_17' title="bbox 233 1100 1362 1154; baseline 0.002 -18"><span class='ocrx_word' id='word_1_128' title='bbox 233 1108 425 1149; x_wconf 85' lang='lat' dir='ltr'>quantum</span> <span class='ocrx_word' id='word_1_129' title='bbox 444 1101 666 1140; x_wconf 85' lang='lat' dir='ltr'>humanitas</span> <span class='ocrx_word' id='word_1_130' title='bbox 683 1110 764 1145; x_wconf 82' lang='lat' dir='ltr'>tua,</span> <span class='ocrx_word' id='word_1_131' title='bbox 785 1101 1029 1154; x_wconf 85' lang='lat' dir='ltr'>amicitiaque</span> <span class='ocrx_word' id='word_1_132' title='bbox 1044 1108 1167 1139; x_wconf 88' lang='lat' dir='ltr'>vestra</span> <span class='ocrx_word' id='word_1_133' title='bbox 1180 1100 1362 1152; x_wconf 83' lang='lat' dir='ltr'>postulat.</span> 
     </span>
     <span class='ocr_line' id='line_1_18' title="bbox 232 1152 1363 1207; baseline 0.002 -17"><span class='ocrx_word' id='word_1_134' title='bbox 232 1152 321 1203; x_wconf 85' lang='lat' dir='ltr'>Ego</span> <span class='ocrx_word' id='word_1_135' title='bbox 356 1154 390 1192; x_wconf 91' lang='lat' dir='ltr'>ei</span> <span class='ocrx_word' id='word_1_136' title='bbox 423 1167 472 1192; x_wconf 91' lang='lat' dir='ltr'>ne</span> <span class='ocrx_word' id='word_1_137' title='bbox 506 1156 600 1207; x_wconf 91' lang='lat' dir='ltr'>quid</span> <span class='ocrx_word' id='word_1_138' title='bbox 629 1156 734 1207; x_wconf 87' lang='lat' dir='ltr'>apud</span> <span class='ocrx_word' id='word_1_139' title='bbox 763 1163 800 1194; x_wconf 90' lang='lat' dir='ltr'>te</span> <span class='ocrx_word' id='word_1_140' title='bbox 826 1156 964 1206; x_wconf 88' lang='lat' dir='ltr'>obsim,</span> <span class='ocrx_word' id='word_1_141' title='bbox 993 1155 1034 1194; x_wconf 89' lang='lat' dir='ltr'>id</span> <span class='ocrx_word' id='word_1_142' title='bbox 1061 1162 1100 1194; x_wconf 87' lang='lat' dir='ltr'>te</span> <span class='ocrx_word' id='word_1_143' title='bbox 1118 1154 1363 1194; x_wconf 85' lang='lat' dir='ltr'>vehementer</span> 
     </span>
     <span class='ocr_line' id='line_1_19' title="bbox 233 1207 772 1262; baseline 0.007 -17"><span class='ocrx_word' id='word_1_144' title='bbox 233 1207 350 1246; x_wconf 88' lang='lat' dir='ltr'>etiam</span> <span class='ocrx_word' id='word_1_145' title='bbox 369 1216 485 1261; x_wconf 87' lang='lat' dir='ltr'>atque</span> <span class='ocrx_word' id='word_1_146' title='bbox 504 1209 620 1248; x_wconf 85' lang='lat' dir='ltr'>etiam</span> <span class='ocrx_word' id='word_1_147' title='bbox 639 1211 772 1262; x_wconf 87' lang='lat' dir='ltr'>rogo.&#39;’</span> 
     </span>
    </p>
   </div>
   <div class='ocr_carea' id='block_1_4' title="bbox 227 1317 1363 2317">
    <p class='ocr_par' dir='ltr' id='par_1_4' title="bbox 230 1317 1363 1913">
     <span class='ocr_line' id='line_1_20' title="bbox 287 1317 1360 1373; baseline 0.001 -17"><span class='ocrx_word' id='word_1_148' title='bbox 287 1317 433 1367; x_wconf 89' lang='lat' dir='ltr'>Quare,</span> <span class='ocrx_word' id='word_1_149' title='bbox 451 1319 482 1358; x_wconf 90' lang='lat' dir='ltr'>si</span> <span class='ocrx_word' id='word_1_150' title='bbox 501 1320 587 1372; x_wconf 90' lang='lat' dir='ltr'>quis</span> <span class='ocrx_word' id='word_1_151' title='bbox 603 1329 826 1373; x_wconf 87' lang='lat' dir='ltr'>congressus</span> <span class='ocrx_word' id='word_1_152' title='bbox 840 1320 956 1360; x_wconf 82' lang='lat' dir='ltr'>fuerit</span> <span class='ocrx_word' id='word_1_153' title='bbox 973 1320 1072 1359; x_wconf 90' lang='lat' dir='ltr'>mihi</span> <span class='ocrx_word' id='word_1_154' title='bbox 1090 1329 1178 1359; x_wconf 85' lang='lat' dir='ltr'>cum</span> <span class='ocrx_word' id='word_1_155' title='bbox 1197 1319 1360 1367; x_wconf 83' lang='lat' dir='ltr'>Caesare,</span> 
     </span>
     <span class='ocr_line' id='line_1_21' title="bbox 235 1373 1360 1427; baseline 0.001 -16"><span class='ocrx_word' id='word_1_156' title='bbox 235 1373 324 1425; x_wconf 84' lang='lat' dir='ltr'>(etsi</span> <span class='ocrx_word' id='word_1_157' title='bbox 343 1385 421 1411; x_wconf 91' lang='lat' dir='ltr'>non</span> <span class='ocrx_word' id='word_1_158' title='bbox 449 1374 597 1421; x_wconf 90' lang='lat' dir='ltr'>dubito,</span> <span class='ocrx_word' id='word_1_159' title='bbox 628 1377 722 1427; x_wconf 90' lang='lat' dir='ltr'>quin</span> <span class='ocrx_word' id='word_1_160' title='bbox 749 1376 781 1414; x_wconf 92' lang='lat' dir='ltr'>is</span> <span class='ocrx_word' id='word_1_161' title='bbox 808 1376 905 1414; x_wconf 92' lang='lat' dir='ltr'>lenis</span> <span class='ocrx_word' id='word_1_162' title='bbox 923 1375 964 1413; x_wconf 91' lang='lat' dir='ltr'>in</span> <span class='ocrx_word' id='word_1_163' title='bbox 983 1375 1097 1413; x_wconf 88' lang='lat' dir='ltr'>illum</span> <span class='ocrx_word' id='word_1_164' title='bbox 1114 1374 1269 1412; x_wconf 79' lang='lat' dir='ltr'>futurus</span> <span class='ocrx_word' id='word_1_165' title='bbox 1298 1373 1360 1421; x_wconf 88' lang='lat' dir='ltr'>sit,</span> 
     </span>
     <span class='ocr_line' id='line_1_22' title="bbox 231 1427 1361 1481; baseline 0.001 -17"><span class='ocrx_word' id='word_1_166' title='bbox 231 1427 350 1478; x_wconf 90' lang='lat' dir='ltr'>idque</span> <span class='ocrx_word' id='word_1_167' title='bbox 375 1429 456 1477; x_wconf 88' lang='lat' dir='ltr'>jam</span> <span class='ocrx_word' id='word_1_168' title='bbox 477 1428 741 1480; x_wconf 84' lang='lat' dir='ltr'>declaraverit)</span> <span class='ocrx_word' id='word_1_169' title='bbox 763 1442 833 1481; x_wconf 86' lang='lat' dir='ltr'>ego</span> <span class='ocrx_word' id='word_1_170' title='bbox 852 1437 982 1468; x_wconf 89' lang='lat' dir='ltr'>tamen</span> <span class='ocrx_word' id='word_1_171' title='bbox 1006 1429 1039 1467; x_wconf 90' lang='lat' dir='ltr'>is</span> <span class='ocrx_word' id='word_1_172' title='bbox 1067 1442 1144 1476; x_wconf 91' lang='lat' dir='ltr'>ero,</span> <span class='ocrx_word' id='word_1_173' title='bbox 1173 1429 1241 1479; x_wconf 92' lang='lat' dir='ltr'>qui</span> <span class='ocrx_word' id='word_1_174' title='bbox 1260 1440 1361 1466; x_wconf 91' lang='lat' dir='ltr'>sem-</span> 
     </span>
     <span class='ocr_line' id='line_1_23' title="bbox 231 1481 1362 1535; baseline 0.002 -17"><span class='ocrx_word' id='word_1_175' title='bbox 231 1494 300 1532; x_wconf 89' lang='lat' dir='ltr'>per</span> <span class='ocrx_word' id='word_1_176' title='bbox 317 1481 386 1519; x_wconf 88' lang='lat' dir='ltr'>fui.</span> <span class='ocrx_word' id='word_1_177' title='bbox 417 1482 506 1529; x_wconf 86' lang='lat' dir='ltr'>Sed,</span> <span class='ocrx_word' id='word_1_178' title='bbox 527 1491 571 1521; x_wconf 93' lang='lat' dir='ltr'>ut</span> <span class='ocrx_word' id='word_1_179' title='bbox 591 1483 714 1533; x_wconf 76' lang='lat' dir='ltr'>video,</span> <span class='ocrx_word' id='word_1_180' title='bbox 734 1484 860 1522; x_wconf 80' lang='lat' dir='ltr'>multo</span> <span class='ocrx_word' id='word_1_181' title='bbox 888 1483 1011 1535; x_wconf 86' lang='lat' dir='ltr'>magis</span> <span class='ocrx_word' id='word_1_182' title='bbox 1037 1492 1093 1522; x_wconf 91' lang='lat' dir='ltr'>est</span> <span class='ocrx_word' id='word_1_183' title='bbox 1118 1482 1228 1521; x_wconf 89' lang='lat' dir='ltr'>nobis</span> <span class='ocrx_word' id='word_1_184' title='bbox 1252 1483 1362 1520; x_wconf 85' lang='lat' dir='ltr'>labo-</span> 
     </span>
     <span class='ocr_line' id='line_1_24' title="bbox 231 1535 1363 1590; baseline 0.002 -17"><span class='ocrx_word' id='word_1_185' title='bbox 231 1535 400 1573; x_wconf 86' lang='lat' dir='ltr'>randum</span> <span class='ocrx_word' id='word_1_186' title='bbox 419 1537 469 1575; x_wconf 81' lang='lat' dir='ltr'>de</span> <span class='ocrx_word' id='word_1_187' title='bbox 488 1537 620 1577; x_wconf 60' lang='lat' dir='ltr'>Africa</span> <span class='ocrx_word' id='word_1_188' title='bbox 637 1553 649 1583; x_wconf 85' lang='lat'>;</span> <span class='ocrx_word' id='word_1_189' title='bbox 680 1551 800 1590; x_wconf 87' lang='lat' dir='ltr'>quam</span> <span class='ocrx_word' id='word_1_190' title='bbox 829 1538 986 1589; x_wconf 90' lang='lat' dir='ltr'>quidem</span> <span class='ocrx_word' id='word_1_191' title='bbox 1005 1545 1049 1576; x_wconf 88' lang='lat' dir='ltr'>tu</span> <span class='ocrx_word' id='word_1_192' title='bbox 1068 1537 1200 1576; x_wconf 88' lang='lat' dir='ltr'>scribis</span> <span class='ocrx_word' id='word_1_193' title='bbox 1225 1535 1363 1575; x_wconf 90' lang='lat' dir='ltr'>confir-</span> 
     </span>
     <span class='ocr_line' id='line_1_25' title="bbox 233 1590 1363 1644; baseline 0.002 -17"><span class='ocrx_word' id='word_1_194' title='bbox 233 1590 334 1627; x_wconf 87' lang='lat' dir='ltr'>mari</span> <span class='ocrx_word' id='word_1_195' title='bbox 353 1592 523 1642; x_wconf 88' lang='lat' dir='ltr'>quotidie</span> <span class='ocrx_word' id='word_1_196' title='bbox 542 1593 666 1644; x_wconf 85' lang='lat' dir='ltr'>magis</span> <span class='ocrx_word' id='word_1_197' title='bbox 686 1593 735 1630; x_wconf 85' lang='lat' dir='ltr'>ad</span> <span class='ocrx_word' id='word_1_198' title='bbox 754 1592 981 1631; x_wconf 84' lang='lat' dir='ltr'>conditionis</span> <span class='ocrx_word' id='word_1_199' title='bbox 1001 1605 1123 1643; x_wconf 88' lang='lat' dir='ltr'>spem,</span> <span class='ocrx_word' id='word_1_200' title='bbox 1145 1603 1264 1643; x_wconf 87' lang='lat' dir='ltr'>quam</span> <span class='ocrx_word' id='word_1_201' title='bbox 1283 1590 1363 1630; x_wconf 89' lang='lat' dir='ltr'>vic-</span> 
     </span>
     <span class='ocr_line' id='line_1_26' title="bbox 232 1644 1362 1697; baseline 0.001 -15"><span class='ocrx_word' id='word_1_202' title='bbox 232 1645 350 1682; x_wconf 69' lang='lat' dir='ltr'>toriae.</span> <span class='ocrx_word' id='word_1_203' title='bbox 388 1644 507 1693; x_wconf 79' lang='lat' dir='ltr'>Quod</span> <span class='ocrx_word' id='word_1_204' title='bbox 524 1646 674 1685; x_wconf 85' lang='lat' dir='ltr'>utinam</span> <span class='ocrx_word' id='word_1_205' title='bbox 695 1647 750 1685; x_wconf 88' lang='lat' dir='ltr'>ita</span> <span class='ocrx_word' id='word_1_206' title='bbox 768 1653 864 1685; x_wconf 87' lang='lat' dir='ltr'>esset</span> <span class='ocrx_word' id='word_1_207' title='bbox 881 1646 890 1684; x_wconf 92' lang='lat'><strong>!</strong></span> <span class='ocrx_word' id='word_1_208' title='bbox 923 1646 999 1685; x_wconf 91' lang='lat' dir='ltr'>Sed</span> <span class='ocrx_word' id='word_1_209' title='bbox 1016 1647 1132 1697; x_wconf 87' lang='lat' dir='ltr'>longe</span> <span class='ocrx_word' id='word_1_210' title='bbox 1151 1645 1260 1684; x_wconf 86' lang='lat' dir='ltr'>aliter</span> <span class='ocrx_word' id='word_1_211' title='bbox 1278 1658 1362 1684; x_wconf 86' lang='lat' dir='ltr'>esse</span> 
     </span>
     <span class='ocr_line' id='line_1_27' title="bbox 233 1698 1362 1752; baseline 0.002 -16"><span class='ocrx_word' id='word_1_212' title='bbox 233 1698 432 1750; x_wconf 80' lang='lat' dir='ltr'>intelligo:</span> <span class='ocrx_word' id='word_1_213' title='bbox 463 1707 577 1752; x_wconf 91' lang='lat' dir='ltr'>teque</span> <span class='ocrx_word' id='word_1_214' title='bbox 596 1701 724 1752; x_wconf 89' lang='lat' dir='ltr'>ipsum</span> <span class='ocrx_word' id='word_1_215' title='bbox 744 1701 798 1739; x_wconf 92' lang='lat' dir='ltr'>ita</span> <span class='ocrx_word' id='word_1_216' title='bbox 818 1700 1037 1739; x_wconf 80' lang='lat' dir='ltr'>existimare</span> <span class='ocrx_word' id='word_1_217' title='bbox 1055 1700 1229 1747; x_wconf 87' lang='lat' dir='ltr'>arbitror,</span> <span class='ocrx_word' id='word_1_218' title='bbox 1251 1700 1362 1738; x_wconf 86' lang='lat' dir='ltr'>aliter</span> 
     </span>
     <span class='ocr_line' id='line_1_28' title="bbox 233 1753 1361 1802; baseline 0.002 -12"><span class='ocrx_word' id='word_1_219' title='bbox 233 1760 363 1791; x_wconf 87' lang='lat' dir='ltr'>autem</span> <span class='ocrx_word' id='word_1_220' title='bbox 390 1754 564 1802; x_wconf 84' lang='lat' dir='ltr'>scribere,</span> <span class='ocrx_word' id='word_1_221' title='bbox 591 1767 669 1793; x_wconf 89' lang='lat' dir='ltr'>non</span> <span class='ocrx_word' id='word_1_222' title='bbox 694 1754 868 1802; x_wconf 87' lang='lat' dir='ltr'>fallendi,</span> <span class='ocrx_word' id='word_1_223' title='bbox 898 1755 964 1792; x_wconf 90' lang='lat' dir='ltr'>sed</span> <span class='ocrx_word' id='word_1_224' title='bbox 992 1754 1258 1801; x_wconf 76' lang='lat' dir='ltr'>confirmandi,</span> <span class='ocrx_word' id='word_1_225' title='bbox 1282 1753 1361 1792; x_wconf 85' lang='lat' dir='ltr'>mei</span> 
     </span>
     <span class='ocr_line' id='line_1_29' title="bbox 233 1807 1362 1861; baseline 0.003 -17"><span class='ocrx_word' id='word_1_226' title='bbox 233 1808 363 1855; x_wconf 86' lang='lat' dir='ltr'>causa,</span> <span class='ocrx_word' id='word_1_227' title='bbox 384 1808 595 1860; x_wconf 86' lang='lat' dir='ltr'>praesertim</span> <span class='ocrx_word' id='word_1_228' title='bbox 621 1821 710 1848; x_wconf 89' lang='lat' dir='ltr'>cum</span> <span class='ocrx_word' id='word_1_229' title='bbox 729 1810 972 1861; x_wconf 85' lang='lat' dir='ltr'>adjungatur</span> <span class='ocrx_word' id='word_1_230' title='bbox 981 1809 1032 1848; x_wconf 91' lang='lat' dir='ltr'>ad</span> <span class='ocrx_word' id='word_1_231' title='bbox 1049 1807 1225 1848; x_wconf 79' lang='lat' dir='ltr'>Africam</span> <span class='ocrx_word' id='word_1_232' title='bbox 1244 1808 1362 1847; x_wconf 86' lang='lat' dir='ltr'>etiam</span> 
     </span>
     <span class='ocr_line' id='line_1_30' title="bbox 230 1860 436 1913; baseline 0.01 -14"><span class='ocrx_word' id='word_1_233' title='bbox 230 1860 436 1913; x_wconf 68' lang='lat' dir='ltr'>Hispania„</span> 
     </span>
    </p>

    <p class='ocr_par' dir='ltr' id='par_1_5' title="bbox 227 1916 1361 2134">
     <span class='ocr_line' id='line_1_31' title="bbox 286 1916 1361 1966; baseline 0.002 -12"><span class='ocrx_word' id='word_1_234' title='bbox 286 1916 406 1964; x_wconf 88' lang='lat' dir='ltr'>Quod</span> <span class='ocrx_word' id='word_1_235' title='bbox 424 1930 488 1956; x_wconf 91' lang='lat' dir='ltr'>me</span> <span class='ocrx_word' id='word_1_236' title='bbox 515 1918 711 1966; x_wconf 85' lang='lat' dir='ltr'>admones,</span> <span class='ocrx_word' id='word_1_237' title='bbox 731 1926 776 1958; x_wconf 88' lang='lat' dir='ltr'>ut</span> <span class='ocrx_word' id='word_1_238' title='bbox 805 1920 967 1959; x_wconf 89' lang='lat' dir='ltr'>scribam</span> <span class='ocrx_word' id='word_1_239' title='bbox 997 1918 1046 1956; x_wconf 86' lang='lat' dir='ltr'>ad</span> <span class='ocrx_word' id='word_1_240' title='bbox 1064 1917 1300 1963; x_wconf 86' lang='lat' dir='ltr'>Antonium,</span> <span class='ocrx_word' id='word_1_241' title='bbox 1321 1923 1361 1956; x_wconf 89' lang='lat' dir='ltr'>et</span> 
     </span>
     <span class='ocr_line' id='line_1_32' title="bbox 231 1970 1357 2025; baseline 0.001 -17"><span class='ocrx_word' id='word_1_242' title='bbox 231 1970 281 2008; x_wconf 90' lang='lat' dir='ltr'>ad</span> <span class='ocrx_word' id='word_1_243' title='bbox 306 1978 487 2018; x_wconf 87' lang='lat' dir='ltr'>caeteros;</span> <span class='ocrx_word' id='word_1_244' title='bbox 518 1973 551 2011; x_wconf 89' lang='lat' dir='ltr'>si</span> <span class='ocrx_word' id='word_1_245' title='bbox 577 1973 671 2025; x_wconf 88' lang='lat' dir='ltr'>quid</span> <span class='ocrx_word' id='word_1_246' title='bbox 690 1974 882 2013; x_wconf 89' lang='lat' dir='ltr'>videbitur</span> <span class='ocrx_word' id='word_1_247' title='bbox 910 1973 980 2013; x_wconf 87' lang='lat' dir='ltr'>tibi</span> <span class='ocrx_word' id='word_1_248' title='bbox 1005 1986 1101 2025; x_wconf 88' lang='lat' dir='ltr'>opus</span> <span class='ocrx_word' id='word_1_249' title='bbox 1127 1985 1220 2021; x_wconf 87' lang='lat' dir='ltr'>esse,</span> <span class='ocrx_word' id='word_1_250' title='bbox 1241 1971 1357 2010; x_wconf 87' lang='lat' dir='ltr'>velim</span> 
     </span>
     <span class='ocr_line' id='line_1_33' title="bbox 227 2024 1360 2079; baseline 0.002 -17"><span class='ocrx_word' id='word_1_251' title='bbox 227 2024 343 2063; x_wconf 86' lang='lat' dir='ltr'>facias</span> <span class='ocrx_word' id='word_1_252' title='bbox 361 2025 415 2074; x_wconf 88' lang='lat' dir='ltr'>id,</span> <span class='ocrx_word' id='word_1_253' title='bbox 432 2027 536 2078; x_wconf 92' lang='lat' dir='ltr'>quod</span> <span class='ocrx_word' id='word_1_254' title='bbox 555 2041 654 2079; x_wconf 82' lang='lat' dir='ltr'>saepe</span> <span class='ocrx_word' id='word_1_255' title='bbox 668 2028 800 2066; x_wconf 87' lang='lat' dir='ltr'>fecisti.</span> <span class='ocrx_word' id='word_1_256' title='bbox 830 2029 944 2066; x_wconf 87' lang='lat' dir='ltr'>Nihil</span> <span class='ocrx_word' id='word_1_257' title='bbox 963 2028 1067 2066; x_wconf 89' lang='lat' dir='ltr'>enim</span> <span class='ocrx_word' id='word_1_258' title='bbox 1085 2026 1184 2065; x_wconf 87' lang='lat' dir='ltr'>mihi</span> <span class='ocrx_word' id='word_1_259' title='bbox 1195 2026 1300 2065; x_wconf 85' lang='lat' dir='ltr'>venit</span> <span class='ocrx_word' id='word_1_260' title='bbox 1317 2025 1360 2064; x_wconf 90' lang='lat' dir='ltr'>in</span> 
     </span>
     <span class='ocr_line' id='line_1_34' title="bbox 229 2081 968 2134; baseline 0.006 -18"><span class='ocrx_word' id='word_1_261' title='bbox 229 2086 414 2126; x_wconf 83' lang='lat' dir='ltr'>mentem,</span> <span class='ocrx_word' id='word_1_262' title='bbox 436 2081 541 2133; x_wconf 91' lang='lat' dir='ltr'>quod</span> <span class='ocrx_word' id='word_1_263' title='bbox 560 2082 804 2120; x_wconf 88' lang='lat' dir='ltr'>scribendum</span> <span class='ocrx_word' id='word_1_264' title='bbox 821 2090 968 2134; x_wconf 89' lang='lat' dir='ltr'>putem.</span> 
     </span>
    </p>

    <p class='ocr_par' dir='ltr' id='par_1_6' title="bbox 230 2133 1362 2317">
     <span class='ocr_line' id='line_1_35' title="bbox 286 2133 1359 2196; baseline 0.002 -25"><span class='ocrx_word' id='word_1_265' title='bbox 286 2133 405 2181; x_wconf 89' lang='lat' dir='ltr'>Quod</span> <span class='ocrx_word' id='word_1_266' title='bbox 424 2148 488 2174; x_wconf 90' lang='lat' dir='ltr'>me</span> <span class='ocrx_word' id='word_1_267' title='bbox 507 2135 616 2174; x_wconf 90' lang='lat' dir='ltr'>audis</span> <span class='ocrx_word' id='word_1_268' title='bbox 635 2135 851 2176; x_wconf 82' lang='lat' dir='ltr'>fractiorem</span> <span class='ocrx_word' id='word_1_269' title='bbox 871 2150 951 2176; x_wconf 86' lang='lat' dir='ltr'>esse</span> <span class='ocrx_word' id='word_1_270' title='bbox 969 2136 1128 2181; x_wconf 84' lang='lat' dir='ltr'>animo3</span> <span class='ocrx_word' id='word_1_271' title='bbox 1159 2135 1254 2196; x_wconf 77' lang='lat' dir='ltr'>quid</span> <span class='ocrx_word' id='word_1_272' title='bbox 1282 2147 1359 2187; x_wconf 90' lang='lat' dir='ltr'>pu-</span> 
     </span>
     <span class='ocr_line' id='line_1_36' title="bbox 230 2176 1361 2252; baseline 0.002 -27"><span class='ocrx_word' id='word_1_273' title='bbox 230 2193 304 2235; x_wconf 87' lang='lat' dir='ltr'>tas,</span> <span class='ocrx_word' id='word_1_274' title='bbox 325 2201 414 2227; x_wconf 90' lang='lat' dir='ltr'>cum</span> <span class='ocrx_word' id='word_1_275' title='bbox 435 2190 563 2229; x_wconf 83' lang='lat' dir='ltr'>videas</span> <span class='ocrx_word' id='word_1_276' title='bbox 582 2191 780 2230; x_wconf 84' lang='lat' dir='ltr'>accessisse</span> <span class='ocrx_word' id='word_1_277' title='bbox 806 2191 857 2230; x_wconf 86' lang='lat' dir='ltr'>ad</span> <span class='ocrx_word' id='word_1_278' title='bbox 884 2191 1095 2244; x_wconf 59' lang='lat' dir='ltr'>superiores</span> <span class='ocrx_word' id='word_1_279' title='bbox 1114 2176 1361 2252; x_wconf 48' lang='lat' dir='ltr'>aefflwfliiinae</span> 
     </span>
     <span class='ocr_line' id='line_1_37' title="bbox 231 2242 1362 2317; baseline 0.002 -36"><span class='ocrx_word' id='word_1_280' title='bbox 231 2242 432 2294; x_wconf 84' lang='lat' dir='ltr'>praeclaras</span> <span class='ocrx_word' id='word_1_281' title='bbox 451 2244 582 2296; x_wconf 86' lang='lat' dir='ltr'>generi</span> <span class='ocrx_word' id='word_1_282' title='bbox 600 2245 801 2287; x_wconf 78' lang='lat' dir='ltr'>actiones?</span> <span class='ocrx_word' id='word_1_283' title='bbox 830 2245 898 2286; x_wconf 90' lang='lat' dir='ltr'>Tu</span> <span class='ocrx_word' id='word_1_284' title='bbox 917 2253 1062 2294; x_wconf 75' lang='lat' dir='ltr'>tamen,</span> <span class='ocrx_word' id='word_1_285' title='bbox 1082 2244 1153 2317; x_wconf 49' lang='lat' dir='ltr'>vel</span> <span class='ocrx_word' id='word_1_286' title='bbox 1263 2257 1283 2284; x_wconf 85' lang='lat' dir='ltr'>e</span> <span class='ocrx_word' id='word_1_287' title='bbox 1300 2255 1362 2281; x_wconf 86' lang='lat' dir='ltr'>m-</span> 
     </span>
    </p>
   </div>
  </div>
 </body>
</html>
