1498 2401
275 110 359 151 AD
387 111 442 162 Q,
462 111 765 154 FRATREM.
795 114 897 154 LIB.
920 113 979 153 ΙΙ.
1016 114 1078 153 13.
1159 114 1242 152 313

167 217 255 259 Risi
286 221 416 260 nivem
447 230 600 262 atram:
639 230 755 276 teque
785 223 900 263 hilari
929 223 1060 263 animo
1089 234 1181 270 esse,
1205 228 1244 260 et

113 283 266 324 promto
284 275 334 314 ad
344 276 569 326 jocandum,
590 278 702 317 valde
719 290 784 316 me
799 279 922 328 juvat.
951 278 1015 316 De
1034 276 1223 328 Pompeio

114 329 296 368 assentior
314 329 398 377 tibi,
420 331 481 370 vel
499 338 542 370 tu
561 332 688 384 potius
706 331 828 370 mihi:
853 345 945 371 nam
963 334 1025 384 (ut
1040 332 1127 378 scis)
1139 332 1243 381 jam-

112 381 263 432 pridem
288 383 408 422 istum
437 393 549 424 canto
572 386 777 425 Caesarem.
811 387 918 424 Mihi
944 386 1068 433 crede,
1088 386 1129 424 in
1153 385 1241 423 sinu

111 442 198 474 esst
209 448 346 490 neque
365 451 435 490 ego
453 439 656 491 discingor.
687 440 883 490 Cognosce
901 453 1005 479 nunc
1025 439 1131 479 Idus.

163 489 351 531 Decimus
370 500 451 531 erat
479 493 600 534 Coelio
625 494 718 533 dies.
746 494 946 533 Domitius
964 494 1014 532 ad
1032 506 1241 533 numerum

106 544 254 593 judices
272 559 350 585 non
368 546 517 586 habuit.
548 548 708 597 Vereor,
728 560 791 596 ne,
812 548 930 587 homo
949 555 1045 587 teter
1064 557 1101 587 et
1119 549 1238 595 ferus,

108 598 207 638 Pola
237 601 389 640 Servius
423 602 472 640 ad
501 602 781 641 accusationem
808 603 959 641 veniat:
995 615 1087 640 nam
1113 610 1241 641 noster

107 652 250 694 Coelius
269 656 379 695 valde
397 665 644 708 oppugnatur
662 670 684 695 a
703 664 816 708 gente
836 656 986 695 Clodia.
1017 657 1122 695 Certi
1141 657 1240 695 nihil

106 715 162 746 est
179 709 329 748 adhuc:
362 710 427 749 sed
438 724 626 750 veremur.
656 711 808 750 Eodem
820 711 938 763 igitur
957 710 1018 749 die
1029 711 1161 763 Tyriis
1182 718 1238 749 est

106 770 258 802 senatus
287 764 401 803 datus
428 765 636 818 frequens:
666 765 886 817 frequentes
922 772 1053 804 contra
1091 765 1237 816 Syriaci

106 817 314 867 publicani.
342 819 601 858 Vehementer
622 828 782 858 vexatus
803 819 1021 858 Gabinius:
1054 819 1237 871 exagitati

105 878 235 910 tamen
264 886 287 912 a
306 873 483 913 Domitio
505 874 716 926 publicani,
745 874 849 925 quod
877 886 967 913 eum
998 882 1120 913 essent
1145 887 1235 912 cum

104 925 213 976 equis
237 928 438 978 prosecuti.
484 928 573 981 [C.]
599 937 725 967 noster
749 928 889 966 Lamia
913 929 1030 980 paulo
1056 928 1232 976 ferocius,

103 991 194 1018 cum
213 980 411 1021 Domitius
429 982 601 1030 dixisset,
632 986 660 1006 ‘⁶
680 983 823 1021 Vestra
850 983 964 1034 culpa
986 983 1068 1021 haec
1087 983 1233 1021 accide-

100 1041 205 1080 runt,
241 1036 386 1088 equites
416 1037 612 1083 Romani;
642 1037 825 1076 dissolute
855 1037 960 1075 enim
987 1037 1167 1087 judicatis
1184 1038 1227 1083 ;”

102 1090 132 1110 “
152 1089 238 1128 Nos
252 1091 498 1140 judicamus;
530 1105 595 1130 vos
613 1091 823 1140 laudatis,''
839 1091 977 1143 inquit.
1010 1092 1154 1130 Actum
1174 1099 1231 1131 est

100 1154 146 1181 eo
165 1142 227 1182 die
245 1144 356 1183 nihil.
387 1146 480 1184 Nox
501 1145 666 1185 diremit.

156 1196 428 1238 Comitialibus
461 1200 610 1248 diebus,
646 1201 714 1253 qui
744 1200 965 1249 Quirinalia
997 1208 1226 1253 sequuntur,

97 1252 256 1304 Appius
288 1253 573 1306 interpretatur,
609 1268 686 1294 non
708 1255 887 1307 impediri
912 1269 950 1293 se
971 1256 1058 1306 lege
1084 1255 1230 1307 Pupia,

97 1307 306 1357 quominus
318 1308 458 1347 habeat
477 1317 667 1357 senatum,
689 1318 726 1348 et
745 1309 849 1361 quod
863 1309 1029 1348 Gabinia
1048 1318 1225 1348 sanctum

96 1360 159 1408 sit,
191 1361 307 1400 etiam
333 1363 417 1414 cogi
440 1376 489 1402 ex
513 1363 598 1402 Cal.
624 1364 738 1402 Febr.
768 1377 890 1415 usque
917 1364 967 1402 ad
994 1364 1077 1402 Cal.
1104 1364 1225 1402 Mart.

94 1414 230 1466 legatis
254 1424 430 1455 senatum
453 1418 625 1469 quotidie
649 1418 743 1456 dari.
779 1418 841 1456 Ita
867 1426 1053 1470 putantur
1071 1417 1224 1456 detrudi

95 1469 251 1508 comitia
271 1471 312 1509 in
330 1484 505 1510 mensem
532 1472 738 1511 Martium.
783 1471 858 1511 Sed
884 1480 1014 1510 tamen
1039 1472 1098 1510 his
1118 1485 1223 1510 com-

95 1522 269 1563 itialibus
286 1525 431 1564 tribuni
444 1527 568 1578 plebis
586 1527 634 1566 de
655 1526 822 1566 Gabinio
841 1540 880 1565 se
899 1534 1046 1566 acturos
1066 1540 1145 1565 esse
1165 1527 1223 1565 di-

94 1586 198 1617 cunt.

146 1632 294 1672 Omnia
312 1635 462 1687 colligo,
482 1643 527 1675 ut
545 1636 633 1675 novi
654 1635 817 1675 scribam
832 1635 979 1688 aliquid
997 1635 1046 1674 ad
1061 1643 1122 1674 te:
1154 1635 1220 1674 sed

92 1687 156 1733 (ut
174 1687 300 1738 vides)
318 1702 377 1728 res
387 1703 451 1729 me
461 1690 545 1742 ipsa
562 1690 701 1730 deficit.
730 1692 869 1743 Itaque
881 1690 930 1728 ad
942 1690 1219 1729 Callisthenem

92 1747 129 1778 et
141 1741 190 1780 ad
205 1742 416 1782 Philistum
430 1745 543 1783 redeo
556 1759 569 1791 ;
590 1745 630 1784 in
645 1745 787 1797 quibus
806 1753 843 1784 te
861 1745 970 1783 video
986 1745 1216 1783 volutatum.

91 1795 344 1836 Callisthenes
373 1798 531 1851 quidem
561 1801 718 1851 vulgare
745 1806 782 1838 et
813 1806 951 1837 notum
988 1799 1216 1851 negotium;

89 1851 421 1901 quemadmodum
455 1853 581 1892 Graeci
610 1854 757 1906 aliquot
786 1853 905 1892 locuti
927 1860 1029 1892 sunt.
1064 1853 1217 1892 Siculus

89 1903 169 1951 ille,
199 1906 386 1958 capitalis,
412 1909 556 1955 creber,
579 1915 729 1957 acutus,
756 1908 894 1955 brevis,
918 1920 1028 1959 paene
1052 1907 1218 1959 pusillus

91 1957 365 2012 Thucydides:
415 1961 481 2000 sed
509 1970 615 2002 utros
646 1963 729 2012 ejus
761 1961 940 2001 habueris
970 1962 1088 2000 libros
1121 1961 1216 2004 (duo

90 2011 196 2051 enim
214 2022 304 2053 sunt
322 2023 510 2067 corpora),
535 2029 585 2055 an
612 2023 810 2068 utrosque,
833 2015 969 2054 nescio.
1000 2015 1073 2054 Me
1091 2015 1215 2066 magis

87 2065 139 2104 de
157 2066 346 2121 Dionysio
368 2069 552 2109 delectat:
582 2071 664 2123 ipse
688 2078 746 2110 est
770 2070 873 2110 enim
900 2077 1086 2109 veterator
1103 2082 1215 2120 mag-

90 2132 179 2169 nus,
200 2129 238 2160 et
261 2123 527 2175 perfamiliaris
553 2125 730 2164 Philisto.
775 2125 864 2173 Sed,
889 2124 994 2176 quod
1016 2123 1211 2172 adscribis,

91 2176 356 2226 aggrederisne
385 2178 435 2216 ad
458 2178 686 2218 historiam?
715 2192 779 2218 me
807 2185 959 2218 auctore
983 2185 1103 2229 potes.
1143 2177 1212 2226 Et,

89 2229 273 2281 quoniam
303 2232 521 2286 tabellarios
550 2234 826 2279 subministras,
857 2232 1032 2272 hodierni
1056 2231 1130 2272 diei
1154 2245 1213 2285 res

145 2283 318 2338 (Ep-ist.)
351 2298 460 2328 VOL.
479 2299 552 2328 111.
865 2288 890 2324 2
912 2297 939 2325 Ε
