1498 2401
399 90 477 129 DE
508 90 699 130 PETIT.
729 89 890 129 CONS.
926 90 960 127 1.
1172 85 1251 125 385

130 197 210 236 dies
228 211 273 237 ac
290 206 417 237 noctes
437 199 484 237 de
503 198 685 251 petitione
701 199 770 238 tua
790 197 996 249 cogitanti;
1027 208 1104 235 non
1122 204 1167 234 ut
1185 194 1256 234 ali-

130 252 226 303 quid
245 266 293 291 ex
311 253 357 290 iis
375 253 465 291 novi
490 253 707 303 adjicerem,
729 253 794 291 sed
821 261 866 291 ut
894 266 951 299 ea,
973 265 1060 303 quae
1077 251 1119 288 in
1137 264 1178 289 re
1197 249 1256 288 di-

129 319 258 357 spersa
269 314 384 358 atque
396 307 547 345 infinita
559 308 778 346 viderentur
797 320 888 353 esse,
909 306 1055 344 ratione
1074 315 1110 343 et
1129 304 1256 343 distri-

129 361 287 399 butione
313 363 383 399 sub
403 374 481 400 uno
507 361 688 412 adspectu
715 370 961 413 ponerentur.
986 359 1257 422 Quamquam

129 415 345 476 plurimum
364 423 502 454 natura
516 415 630 463 valet,
650 422 780 454 tamen
799 414 994 462 videtur,
983 427 1024 452 111
1043 425 1256 466 paucorum

129 469 323 507 mensium
352 469 518 520 negotio,
545 482 654 530 posse
674 469 868 508 simulatio
895 480 1075 507 naturam
1094 468 1256 506 vincere.

132 522 277 561 Civitas
301 537 388 576 quae
417 524 478 572 sit,
500 524 637 575 cogita,
666 524 760 575 quid
791 531 912 575 petas,
935 523 1002 574 qui
1028 523 1088 561 sis.
1130 522 1258 574 Prope

132 577 303 628 quotidie
333 578 382 616 ad
411 578 540 616 forum
571 578 642 616 tibi
667 578 909 616 descendenti
937 577 1164 615 meditatum
1184 576 1258 615 hoc

132 632 194 678 sit,
227 632 410 670 “Novus
440 645 552 678 sum;
584 632 825 671 consulatum
853 640 965 683 peto;
999 632 1127 669 Roma
1160 630 1257 669 est-'³

134 686 316 724 Nominis
335 686 544 725 novitatem
572 686 722 724 dicendi
741 686 864 737 gloria
892 685 1063 724 maxime
1083 685 1260 723 subleva-

130 739 202 778 bis.
233 741 392 791 Semper
411 754 455 779 ea
474 754 531 779 res
545 741 760 793 plurimum
776 740 973 791 dignitatis
987 739 1134 777 habuit.
1165 739 1260 777 Non

134 802 272 845 potest,
301 794 369 846 qui
402 795 542 846 dignus
574 795 738 833 habetur
766 803 949 846 patronus
982 793 1257 855 consularium,

134 848 316 899 indignus
350 850 553 888 consulatu
584 849 724 901 putari.
768 849 1049 897 Quamobrem,
1074 847 1260 899 quoniam

135 904 184 941 ab
203 903 275 941 hac
289 903 403 941 laude
418 904 676 955 proficisceris,
698 911 748 950 et,
762 903 952 955 quidquid
970 916 1022 949 es,
1044 916 1092 940 ex
1110 902 1182 940 hoc
1198 915 1258 940 es·
1246 931 1258 948 ‚

134 956 189 995 ita
222 969 378 1019 paratus
404 958 453 996 ad
481 958 688 996 dicendum
718 958 859 1005 venito,
888 957 998 1009 quasi
1026 957 1067 994 in
1101 956 1261 1007 singulis

135 1012 257 1050 causis
282 1012 473 1061 judicium
492 1012 539 1051 de
558 1012 664 1051 omni
691 1012 845 1063 ingenio
869 1012 1046 1050 futurum
1073 1011 1131 1049 sit.
1161 1011 1262 1060 Ejus

135 1065 328 1104 facultatis
347 1066 585 1116 adjumenta,
606 1081 694 1119 quae
720 1067 791 1105 tibi
819 1067 896 1105 scio
923 1079 1002 1105 esse
1021 1065 1197 1117 seposita,
1217 1074 1262 1104 ut

135 1128 270 1171 parata
289 1134 332 1159 ac
351 1128 502 1172 promta
520 1121 611 1170 sint,
633 1134 751 1166 cura;
782 1129 820 1159 et
850 1134 962 1173 saepe,
993 1134 1080 1172 quae
1106 1119 1153 1158 de
1181 1119 1264 1158 De-

136 1175 345 1213 mosthenis
365 1175 491 1213 studio
518 1183 555 1213 et
574 1176 839 1214 exercitatione
858 1175 1005 1226 scripsit
1024 1175 1261 1221 Demetrius,

137 1229 343 1267 recordare.
376 1229 530 1268 Deinde
549 1238 585 1268 et
604 1230 816 1268 amicorum
841 1229 1050 1268 multitudo
1070 1237 1106 1267 et
1124 1241 1264 1280 genera

138 1292 358 1334 appareant.
390 1284 523 1322 Habes
543 1284 646 1323 enim
667 1298 723 1332 ea,
745 1298 832 1336 quae
849 1283 989 1336 [nulli]
1010 1284 1258 1330 habuerunt3

137 1349 271 1376 omnes
301 1338 541 1389 publicanos,
568 1346 694 1377 totum
721 1338 799 1377 fere
826 1347 1038 1391 equestrem
1071 1338 1260 1386 ordinem,

135 1392 262 1430 multa
287 1401 468 1443 praeterea
499 1393 724 1445 municipia,
754 1394 898 1432 multos
927 1395 994 1431 abs
1026 1400 1063 1430 te
1091 1392 1264 1430 defensos

139 1447 329 1497 cujusque
356 1447 514 1494 ordinis,
545 1447 693 1499 aliquot
717 1447 900 1499 collegia3
930 1455 1112 1499 praeterea
1137 1445 1264 1484 studio

140 1499 293 1539 dicendi
311 1501 527 1540 conciliatos
545 1501 734 1553 plurimos
760 1502 1075 1548 adolescentulos,
1097 1500 1264 1553 quotidi-

139 1567 256 1593 anam
275 1555 488 1593 amicorum
515 1555 776 1595 assiduitatem
803 1564 840 1594 et
858 1556 1125 1608 frequentiam.
1167 1555 1265 1593 Haec

141 1621 233 1646 cura
251 1619 295 1648 ut
319 1617 447 1648 teneas
477 1610 795 1657 commendando,
817 1618 853 1648 et
882 1610 1065 1662 rogando,
1094 1617 1131 1648 et
1158 1609 1266 1648 omni

140 1663 287 1702 ratione
313 1663 521 1713 efficiendo,
550 1672 595 1702 ut
622 1665 853 1716 intelligant,
876 1673 914 1703 et
931 1665 999 1717 qui
1032 1664 1171 1702 debent
1197 1664 1266 1702 tua

141 1717 272 1765 causa,
293 1718 498 1756 referendae
517 1719 663 1769 gratiae,
677 1729 714 1758 et
729 1721 797 1771 qui
815 1720 964 1767 volunt,
980 1718 1178 1770 obligandi
1191 1718 1264 1766 tui,

141 1778 296 1823 tempus
316 1772 388 1810 sibi
405 1773 512 1811 aliud
530 1773 684 1811 nullum
703 1774 794 1812 fore.
837 1774 971 1812 Etiam
995 1774 1068 1812 hoc
1093 1773 1266 1810 multum

141 1825 293 1864 videtur
311 1826 492 1876 adjuvare
516 1840 625 1878 posse
653 1840 799 1866 novum
821 1828 1034 1876 hominem,
1060 1826 1266 1865 hominum

139 1880 330 1918 nobilium
349 1881 538 1930 voluntas,
555 1889 592 1919 et
606 1882 776 1920 maxime
788 1882 1060 1921 consularium.
1091 1880 1266 1928 Prodest,

141 1947 308 1995 quorum
336 1935 378 1973 in
406 1935 536 1974 locum
566 1949 609 1974 ac
633 1948 840 1974 numerum
868 1936 1064 1988 pervenire
1090 1934 1196 1980 velis,
1216 1935 1266 1973 ab

141 1988 230 2026 1113
219 1988 312 2040 1psis
330 1989 398 2027 illo
421 1990 504 2028 loco
529 2003 573 2028 ac
599 2002 760 2029 numero
778 1991 942 2042 dignum
960 1989 1099 2042 putari.
1130 1989 1188 2027 Hi
1206 2001 1268 2026 ro-

141 2043 261 2093 gandi
288 2056 420 2082 omnes
439 2051 529 2082 sunt
546 2043 761 2105 diligenter,
783 2053 820 2083 et
838 2045 887 2083 ad
907 2058 968 2083 eos
987 2043 1263 2104 allegandum·
1250 2071 1263 2089 ‚

141 2097 530 2149 persuadendumque
548 2109 605 2137 est
622 2098 683 2146 iis,
702 2110 772 2137 nos
791 2112 940 2150 semper
958 2111 1047 2136 cum
1073 2096 1269 2148 optimati-

141 2152 216 2189 bus
230 2151 278 2189 de
295 2164 336 2190 re
354 2152 511 2203 publica
530 2152 700 2201 sensisse,
721 2153 883 2192 minime
900 2152 1103 2204 populares
1120 2151 1265 2189 sume.

141 2205 173 2246 si
192 2206 287 2257 quid
304 2206 424 2244 locuti
441 2206 691 2258 populariter,
721 2207 760 2246 id
786 2220 856 2247 nos
875 2220 942 2287 eoo
942 2206 1099 2246 consilio
1120 2205 1269 2254 fecisse,

194 2262 365 2313 (Epist.)
385 2271 491 2301 vor.
514 2272 587 2300 111.
917 2262 942 2300 2
964 2271 992 2300 1.
