1498 2401
447 94 526 135 DE
555 93 741 134 PETIT.
772 94 936 135 CONS.
963 96 1003 140 7.
1206 93 1283 134 391

156 205 235 242 bus
252 210 292 243 et
309 203 528 256 municipiis
546 203 702 255 gratiosi
718 218 730 251 3
751 211 842 242 sunt
851 203 1052 255 diligentes
1071 210 1108 242 et
1119 201 1282 254 copiosi3

159 258 245 310 qui,
264 258 382 297 etiam
407 258 439 296 si
461 266 572 297 antea
590 271 668 296 non
696 258 926 297 studuerunt
950 257 1041 297 huic
1062 257 1207 309 gratiae,
1228 263 1286 295 ta-

161 325 254 350 men
269 326 316 351 ex
335 320 506 363 tempore
526 313 718 363 elaborare
737 313 820 362 ejus
840 312 1041 361 cauchui
1062 312 1202 350 debent
1216 318 1284 349 aut

161 367 312 414 volunt,
341 367 451 405 facile
478 373 652 418 possunt.
684 366 760 404 His
782 367 987 405 hominum
1009 366 1210 418 generibus
1234 363 1287 404 sic

159 419 447 459 inserviendum
466 429 535 468 est,
562 428 608 459 ut
624 420 699 472 ipsi
723 420 954 472 intelligant,
974 428 1012 459 te
1030 420 1170 465 videre,
1191 418 1287 471 quid

159 488 185 512 a
210 487 366 527 quoque
390 482 611 536 exspectes3
642 475 792 523 sentire,
813 474 908 526 quid
927 474 1117 526 accipias3
1146 473 1285 512 memi-

162 528 277 578 nisse,
298 528 394 581 quid
411 528 608 581 acceperis.
639 529 740 568 Sunt
758 536 889 567 autem
915 529 994 576 alii,
1015 529 1083 580 qui
1102 535 1169 566 aut
1187 527 1286 565 nihil

161 590 336 634 possunt,
357 591 425 622 aut
444 583 560 622 etiam
578 583 665 621 odio
680 590 769 621 sunt
787 583 993 622 tribulibus
1005 583 1110 628 suis3
1130 595 1199 620 nec
1216 581 1287 620 ha-

163 638 256 675 bent
288 645 441 676 tantum
474 637 594 676 animi
625 645 694 676 aut
722 637 928 685 facultatis,
953 645 998 675 ut
1020 637 1212 675 enitantur
1238 648 1286 674 ex

161 698 333 744 tempore
350 706 360 729 ε
390 691 460 730 1103
479 699 523 729 ut
540 692 786 739 internoscas,
806 691 958 737 videto3
989 704 1051 739 ne,
1072 705 1139 742 spe
1157 691 1198 728 in
1217 690 1288 728 ali-

162 759 241 798 quo
260 747 406 796 majore
423 746 561 797 posita,
582 746 748 798 praesidii
766 759 905 798 parum
924 752 1176 797 comparetur.

218 800 318 839 VII.
347 801 417 848 Et,
438 813 678 852 quamquam
706 800 826 852 partis
855 807 892 839 et
915 800 1084 839 fundatis
1113 798 1289 838 amicitiis

162 853 306 893 fretum
326 868 369 893 ac
387 855 586 893 munitum
606 867 685 894 esse
696 862 858 907 oportet,
875 862 1019 902 tamen,
1035 855 1075 892 in
1090 854 1174 906 ipsa
1191 854 1290 906 peti-

163 908 280 958 tione,
307 909 485 948 amicitiae
506 909 710 961 permultae
739 922 782 948 ac
802 910 983 961 perutiles
1007 917 1290 961 comparantur.

164 963 289 1011 Nam,
316 963 357 1001 in
382 963 524 1002 caeteris
546 963 744 1012 molestiis,
764 964 880 1002 habet
902 963 974 1002 hoc
1002 970 1131 1002 tamen
1155 962 1289 1014 petitio

163 1018 371 1065 commodi,
391 1025 437 1056 ut
454 1018 575 1070 possis
594 1018 751 1056 honeste
771 1017 893 1069 (quod
910 1018 951 1055 in
971 1016 1104 1056 caetera
1115 1017 1193 1056 vita
1213 1029 1291 1055 non

163 1080 314 1125 queas),
335 1085 600 1125 quoscumque
618 1072 727 1121 velis,
754 1072 963 1124 adjungere
986 1072 1035 1110 ad
1054 1072 1288 1119 amicitiam3

163 1127 399 1179 quibuscum
418 1127 450 1166 si
461 1127 536 1165 alio
556 1135 728 1179 tempore
747 1141 851 1179 agas,
875 1126 940 1176 [ut
959 1134 996 1165 te
1006 1128 1203 1179 utantur,]
1224 1128 1292 1165 ab·

161 1181 278 1219 surde
295 1181 418 1221 facere
437 1181 611 1220 videare:
642 1182 682 1219 111
701 1181 883 1234 petitione
895 1188 1024 1219 autem
1039 1181 1113 1219 nisi
1126 1181 1166 1219 id
1185 1194 1292 1232 agas,

165 1242 203 1274 et
222 1249 312 1274 cum
331 1236 465 1275 multis
483 1243 521 1275 et
545 1236 761 1287 diligenter,
782 1236 913 1274 nullus
932 1236 1071 1287 petitor
1090 1249 1168 1274 esse
1187 1235 1293 1274 vide-

164 1304 241 1329 are.
284 1290 373 1343 Ego
397 1298 528 1330 autem
555 1290 627 1329 tibi
658 1291 731 1329 hoc
762 1290 959 1338 confirmo,
985 1303 1066 1328 esse
1098 1290 1294 1328 neminem

164 1344 256 1388 (nisi
270 1345 402 1398 aliqu'a
415 1345 692 1384 necessitudine
705 1345 999 1396 competitorum
1013 1344 1127 1383 alicui
1138 1353 1296 1383 tuorum

165 1399 214 1438 sit
231 1399 469 1450 adjunctus),
490 1413 514 1438 a
531 1412 609 1452 quo
627 1412 705 1438 non
720 1399 844 1447 facile,
861 1399 892 1437 si
907 1399 1156 1446 contenderis,
1172 1399 1296 1451 impe-

164 1461 265 1492 trare
283 1454 417 1506 possis,
433 1461 478 1492 ut
492 1467 562 1493 suo
575 1454 760 1493 beneficio
773 1461 1050 1506 promereatur,
1064 1466 1103 1492 se
1114 1461 1158 1491 ut
1175 1466 1294 1501 ames,

167 1516 205 1547 et
224 1509 296 1547 sibi
310 1516 355 1547 ut
373 1508 536 1554 debeas,
526 1523 535 1532 ·
566 1508 683 1547 modo
701 1516 746 1546 ut
763 1508 967 1559 intelligat,
988 1516 1025 1546 te
1043 1507 1177 1559 magni
1197 1507 1296 1547 aesti-

167 1576 289 1611 mare,
309 1577 358 1602 ex
377 1563 508 1602 animo
526 1577 666 1615 agere3
695 1564 793 1601 bene
819 1576 857 1601 se
875 1575 1043 1614 ponere3
1074 1562 1155 1600 fore
1184 1575 1231 1600 ex
1251 1574 1296 1600 eo

167 1630 246 1655 non
263 1619 419 1656 brevem
439 1625 476 1656 et
496 1617 816 1669 suffragatoriam,
847 1617 914 1655 sed
934 1616 1086 1655 firmam
1105 1624 1142 1655 et
1160 1629 1297 1668 pe-rpe

168 1679 293 1720 tuam,
327 1672 549 1710 amicitiam.
591 1673 721 1710 Nemo
754 1672 838 1734 erit,
869 1671 967 1709 mihi
999 1671 1121 1719 crede,
1147 1671 1189 1708 in
1220 1684 1298 1722 quo

168 1726 286 1765 modo
304 1726 453 1788 aliquid
480 1726 632 1765 virtutis
650 1726 712 1775 sit,
740 1727 809 1779 qui
833 1726 907 1764 hoc
926 1732 1079 1777 tempus
1097 1726 1169 1764 sibi
1191 1725 1298 1764 obla-

168 1787 255 1819 tum
270 1781 448 1819 amicitiae
458 1788 587 1819 tecum
603 1780 877 1820 constituendae
891 1781 1157 1832 praetermittat
1173 1793 1185 1825 3
1202 1793 1301 1831 prae-

169 1835 301 1874 sertim
320 1848 411 1874 cum
429 1835 501 1874 tibi
517 1836 591 1874 hoc
609 1849 717 1874 casus
736 1835 882 1883 afferat,
899 1843 944 1873 ut
961 1835 989 1872 ii
1006 1844 1132 1874 tecum
1151 1841 1300 1886 petant,

171 1903 339 1942 quorum
359 1889 528 1928 amicitia
546 1897 614 1928 aut
631 1889 911 1929 contemnenda
930 1896 997 1927 aut
1014 1888 1198 1940 fugienda
1224 1888 1300 1934 sit,
1289 1901 1299 1911 ·

172 1952 210 1984 et
228 1944 297 2006 qui
313 1945 402 1992 hoc,
424 1944 529 2006 quod
548 1957 618 1996 ego
637 1952 674 1982 te
691 1945 836 1992 hortor,
856 1957 934 1982 non
960 1943 1076 1981 modo
1101 1955 1179 1981 non
1204 1955 1304 1981 asse-

175 1999 258 2051 qui,
279 1999 347 2038 sed
365 2011 414 2037 ne
432 1999 598 2051 incipere
618 1998 791 2050 quidem,
814 1999 973 2050 possint.
1004 1998 1113 2036 Nam
1132 1996 1256 2058 quid
1245 2009 1306 2035 111-

175 2054 292 2106 cipiat
309 2053 508 2092 Antonius
526 2053 702 2092 homines
721 2053 931 2105 adjungere
949 2059 1064 2104 atque
1077 2051 1238 2090 invitare
1257 2050 1307 2089 ad

175 2108 401 2156 amicitiam,
431 2121 529 2160 quos
560 2121 629 2159 per
651 2121 691 2146 se
719 2120 788 2146 suo
819 2107 975 2146 nomine
1007 2107 1201 2158 appellare
1228 2118 1307 2144 non

176 2163 330 2224 possit?
374 2163 481 2201 Mihi
503 2162 661 2215 quidem
695 2162 850 2201 stultius
880 2161 977 2200 nihil
997 2161 1161 2207 videtur,
1188 2173 1308 2212 quam

179 2217 398 2257 existimare
413 2230 503 2257 eum
523 2217 740 2257 studiosum
752 2216 824 2267 tui,
845 2229 963 2269 quem
975 2228 1052 2255 non
1067 2215 1183 2255 noris.
1212 2214 1311 2253 Exi-
