1498 2401
195 116 276 154 :330
359 114 442 153 AD
472 116 524 164 Q.
556 115 858 156 FRATREM.
890 117 991 156 111ss.
1015 117 1099 156 ΙΙΙ.
1121 119 1162 156 3.

214 231 252 263 et
277 223 425 262 erudito
454 224 703 271 adolescente,
731 225 974 271 Memmius;
1003 228 1043 264 a⁷
1059 226 1112 274 Q.
1133 225 1334 277 Pompeio,

217 278 416 324 Messa1a;
447 292 470 316 a
501 279 665 327 Triario,
693 280 867 318 Scaurus.
901 279 1052 331 Magno
1078 293 1137 318 res
1161 280 1202 317 in
1226 288 1337 318 motu

219 339 289 378 est,
318 340 517 384 propterea
543 333 647 384 quod
665 340 732 371 aut
753 334 957 372 hominum
976 341 1044 372 aut
1067 333 1201 384 legum
1219 333 1339 371 inter-

218 386 295 424 itus
310 386 534 424 ostenditur.
563 387 694 438 Opera
707 387 833 435 datur,
849 395 894 426 ut
905 388 1050 437 judicia
1062 400 1110 426 ne
1123 388 1230 425 fiant.
1259 388 1341 426 Res

218 440 368 478 videtur
395 448 561 492 spectare
590 441 639 479 ad.
667 441 943 492 interregnum.
974 442 1160 480 Consules
1186 441 1341 479 comitia

219 493 360 532 habere
378 494 565 545 cupiunt:
595 495 649 533 rei
677 495 828 541 nolunt,
849 503 886 533 et
907 495 1078 533 maxime
1107 495 1339 542 Memmius,

221 547 327 598 quod
343 545 505 586 Caesaris
524 548 689 587 adventu
708 555 833 599 sperat
861 561 900 586 se
917 549 1095 586 futurum
1117 549 1338 587 consulem:

223 601 290 639 sed
306 601 452 640 mirum
469 602 508 639 in
529 603 690 640 modum
706 603 818 651 jacet.
847 601 1044 640 Domitius
1063 615 1151 640 cum
1171 602 1343 640 Messala

222 667 348 694 certus
378 668 456 694 esse
488 655 700 694 videbatur.
735 657 900 694 Scaurus
936 656 1144 694 refrixerat.
1185 656 1344 707 Appius

224 709 311 747 sinc
324 710 408 760 lege
426 709 571 747 curiata
590 710 788 748 confirmat
807 722 846 747 se
866 709 1034 747 Lentulo
1053 717 1181 747 nostro
1200 722 1345 748 succes-

225 776 387 801 surum:
418 764 486 814 qui
519 763 674 815 quidem
697 763 881 801 mirificus
907 763 975 801 illo
997 763 1059 801 die
1087 763 1208 814 (quod
1236 776 1346 815 paene

224 816 406 868 praeterii)
439 817 514 855 fuit
542 817 583 854 in
617 817 855 855 Gabinium:
885 817 1074 855 accusavit
1103 817 1341 866 majestatis:

223 871 383 909 nomina
406 870 509 917 data,
536 883 625 909 cum
653 871 718 910 ille
747 873 908 911 verbum
931 872 1099 909 nullum.
1129 871 1262 909 Habes
1285 871 1345 909 fo-

225 924 360 962 rensia„
390 923 511 962 Domi
536 932 662 971 recte;
693 932 730 963 et
748 925 832 976 ipsa
862 924 1000 963 domus
1025 938 1048 966 a
1068 924 1345 965 redemtoribus

224 984 407 1021 tractatur
425 990 502 1019 non
520 979 774 1031 indiligenter.
801 978 912 1017 Vale.

406 1143 494 1197 (3.)
525 1143 765 1187 MARCUS
793 1145 845 1194 Q.
875 1143 1098 1185 FRATRI
1125 1145 1167 1185 s.

282 1254 607 1304 (Argumentum.
622 1281 676 1288 —
690 1255 753 1294 De
770 1257 883 1294 rebus
901 1253 1114 1294 domesticis
1127 1253 1341 1292 nonnulla:

227 1308 455 1347 desiderium
486 1309 683 1348 literarum
715 1323 738 1348 a
767 1309 944 1357 Quinto:
974 1307 1214 1347 comitiorum
1246 1307 1342 1345 dila.

227 1361 374 1400 tiones:
425 1362 614 1401 Gabinius
650 1363 698 1401 de
729 1364 882 1402 ambitu
918 1375 1032 1401 reus:
1075 1369 1112 1399 et
1149 1359 1343 1400 Ciceronis

226 1414 368 1463 Quinti
385 1415 455 1454 filii
473 1416 513 1454 in
531 1416 679 1455 rhetore
698 1417 888 1456 audiendo
906 1415 1136 1468 diligentia.)

284 1523 594 1576 Occupationum
621 1538 796 1564 mearum
825 1525 896 1563 tibi
928 1526 1081 1576 signum
1114 1524 1163 1562 sit
1198 1522 1344 1562 librarii

229 1589 381 1616 manus.
410 1578 528 1617 Diem
547 1579 639 1617 scito
658 1592 738 1618 esse
755 1580 923 1627 nullum,
948 1591 1025 1631 quo
1043 1577 1105 1616 die
1122 1589 1199 1616 non
1217 1577 1344 1616 dicam

230 1644 302 1682 pro
319 1644 396 1670 reo.
426 1631 501 1680 Ita,
528 1633 718 1684 quidquid
731 1633 887 1671 conficio
905 1640 973 1670 aut
990 1632 1127 1683 cogito,
1148 1632 1189 1669 in
1207 1632 1345 1669 ambu-

229 1685 382 1724 lationis
410 1686 488 1724 fere
508 1693 662 1738 tempus
684 1687 847 1726 confero.
877 1686 1045 1738 Negotia
1071 1692 1200 1724 nostra
1226 1684 1278 1723 sic
1305 1697 1345 1723 se

229 1739 373 1778 habent
388 1755 396 1777 :
431 1740 637 1779 domestica
655 1753 756 1788 vero,
776 1749 821 1779 ut
838 1740 1028 1779 volumus.
1058 1739 1202 1778 Valent
1218 1739 1342 1790 pueri,

232 1792 399 1832 studiose
417 1793 581 1838 discunt..
613 1794 813 1845 diligenter
831 1795 1041 1839 docentur,
1031 1807 1041 1817 ·
1072 1801 1109 1832 et
1126 1805 1210 1841 nos,
1231 1799 1268 1831 et
1285 1793 1346 1831 in-

231 1853 289 1885 ter
307 1860 360 1894 se,
380 1855 524 1886 amant.
552 1848 818 1900 Expolitiones
841 1848 1042 1900 utriusque
1063 1850 1236 1886 nostrum
1257 1854 1347 1885 sunt

229 1900 270 1938 in
288 1901 494 1940 manibus·
524 1902 590 1940 sed
618 1910 685 1940 tua
712 1902 762 1940 ad
789 1902 1034 1954 perfectum’
1019 1914 1101 1951 Jam
1119 1913 1178 1940 res
1202 1900 1345 1939 rustica

229 1955 374 1993 Arcani
402 1962 440 1994 et
472 1955 627 1995 Laterii.
658 1957 846 1995 Praeterea
875 1956 923 1995 de
954 1969 1054 2008 aqua
1086 1962 1124 1994 et
1152 1954 1215 1993 via
1245 1953 1343 1992 nihil

226 2009 453 2060 praetermisi
481 2010 650 2060 quadam
680 2010 852 2062 epistola,
886 2009 980 2062 quin
1009 2009 1203 2048 enucleate
1230 2007 1280 2046 ad
1305 2015 1343 2046 te

225 2063 506 2113 perscriberem.
536 2064 613 2103 Sed
640 2077 704 2102 me
732 2064 799 2102 1113
827 2077 918 2103 cura
946 2063 1136 2110 sollicitat,
1160 2061 1343 2113 angitque

228 2116 484 2165 vehementer,
505 2117 607 2169 quod
626 2118 775 2156 dierum
795 2119 877 2168 jam
897 2117 1063 2169 amplius
1086 2117 1123 2155 L
1140 2115 1341 2155 intervallo

225 2169 322 2207 nihil
352 2184 375 2208 a
404 2178 455 2219 te,
482 2171 578 2210 nihil
605 2186 628 2210 a
653 2172 815 2219 Caesare,
841 2172 938 2210 nihil
956 2185 1004 2210 ex
1022 2171 1104 2209 istis
1130 2170 1236 2215 locis,
1261 2181 1339 2208 non

224 2223 338 2262 modo
367 2224 578 2273 literarum,
612 2226 675 2265 sed
708 2238 755 2264 ne
789 2226 951 2265 rumoris
973 2224 1144 2277 quidem,
1176 2222 1340 2269 affluxit.
