<?xml version="1.0" encoding="UTF-8"?>
<!DOCTYPE html PUBLIC "-//W3C//DTD XHTML 1.0 Transitional//EN"
    "http://www.w3.org/TR/xhtml1/DTD/xhtml1-transitional.dtd">
<html xmlns="http://www.w3.org/1999/xhtml" xml:lang="en" lang="en">
 <head>
  <title>
</title>
<meta http-equiv="Content-Type" content="text/html;charset=utf-8" />
  <meta name='ocr-system' content='tesseract 3.04.00' />
  <meta name='ocr-capabilities' content='ocr_page ocr_carea ocr_par ocr_line ocrx_word'/>
</head>
<body>
  <div class='ocr_page' id='page_1' title='image "./operaern11ciceuoft_0334.png"; bbox 0 0 1498 2401; ppageno 0'>
   <div class='ocr_carea' id='block_1_1' title="bbox 402 425 1136 610">
    <p class='ocr_par' dir='ltr' id='par_1_1' title="bbox 402 425 1136 610">
     <span class='ocr_line' id='line_1_1' title="bbox 402 425 1131 479; baseline -0.007 0"><span class='ocrx_word' id='word_1_1' title='bbox 402 431 475 479; x_wconf 89' lang='lat' dir='ltr'><strong>M.</strong></span> <span class='ocrx_word' id='word_1_2' title='bbox 513 428 742 478; x_wconf 88' lang='lat' dir='ltr'><strong>TULLII</strong></span> <span class='ocrx_word' id='word_1_3' title='bbox 777 425 1131 477; x_wconf 82' lang='lat' dir='ltr'>CICERONIS</span> 
     </span>
     <span class='ocr_line' id='line_1_2' title="bbox 495 556 1136 610; baseline -0.003 0"><span class='ocrx_word' id='word_1_4' title='bbox 495 556 1056 610; x_wconf 86' lang='lat' dir='ltr'><strong>EPISTOLARUM</strong></span> <span class='ocrx_word' id='word_1_5' title='bbox 1132 598 1136 599; x_wconf 15' lang='grc' dir='ltr'><em>γ</em></span> 
     </span>
    </p>
   </div>
   <div class='ocr_carea' id='block_1_2' title="bbox 430 695 1141 865">
    <p class='ocr_par' dir='ltr' id='par_1_2' title="bbox 430 695 1141 865">
     <span class='ocr_line' id='line_1_3' title="bbox 430 695 1141 746; baseline -0.003 -9"><span class='ocrx_word' id='word_1_6' title='bbox 430 697 514 737; x_wconf 92' lang='lat' dir='ltr'><strong>AD</strong></span> <span class='ocrx_word' id='word_1_7' title='bbox 542 696 824 746; x_wconf 87' lang='lat' dir='ltr'><strong>QUINTUM</strong></span> <span class='ocrx_word' id='word_1_8' title='bbox 853 695 1141 736; x_wconf 86' lang='lat' dir='ltr'><strong>FRATREM</strong></span> 
     </span>
     <span class='ocr_line' id='line_1_4' title="bbox 658 825 919 865; baseline 0 -1"><span class='ocrx_word' id='word_1_9' title='bbox 658 825 813 865; x_wconf 74' lang='lat' dir='ltr'><strong>LIBER</strong></span> <span class='ocrx_word' id='word_1_10' title='bbox 835 826 919 865; x_wconf 86' lang='grc' dir='ltr'><strong>ΙΙΙ.</strong></span> 
     </span>
    </p>
   </div>
   <div class='ocr_carea' id='block_1_3' title="bbox 706 957 855 992">
    <p class='ocr_par' dir='ltr' id='par_1_3' title="bbox 706 957 855 992">
     <span class='ocr_line' id='line_1_5' title="bbox 706 957 855 992; baseline 0 0"><span class='ocrx_word' id='word_1_11' title='bbox 706 957 855 992; x_wconf 42' lang='grc' dir='ltr'><strong>-Φ-</strong></span> 
     </span>
    </p>
   </div>
   <div class='ocr_carea' id='block_1_4' title="bbox 409 1077 1167 1131">
    <p class='ocr_par' dir='ltr' id='par_1_4' title="bbox 409 1077 1167 1131">
     <span class='ocr_line' id='line_1_6' title="bbox 409 1077 1167 1131; baseline -0.001 -13"><span class='ocrx_word' id='word_1_12' title='bbox 409 1078 499 1131; x_wconf 88' lang='lat'><em>(1.)</em></span> <span class='ocrx_word' id='word_1_13' title='bbox 529 1079 766 1119; x_wconf 89' lang='lat' dir='ltr'><strong>MARCUS</strong></span> <span class='ocrx_word' id='word_1_14' title='bbox 795 1079 848 1128; x_wconf 90' lang='lat' dir='ltr'><strong>Q.</strong></span> <span class='ocrx_word' id='word_1_15' title='bbox 877 1078 1099 1118; x_wconf 85' lang='lat' dir='ltr'><strong>FRATRI</strong></span> <span class='ocrx_word' id='word_1_16' title='bbox 1126 1077 1167 1118; x_wconf 92' lang='lat' dir='ltr'><strong>S.</strong></span> 
     </span>
    </p>
   </div>
   <div class='ocr_carea' id='block_1_5' title="bbox 233 1185 1356 1508">
    <p class='ocr_par' dir='ltr' id='par_1_5' title="bbox 233 1185 1356 1508">
     <span class='ocr_line' id='line_1_7' title="bbox 288 1185 1350 1239; baseline -0.001 -14"><span class='ocrx_word' id='word_1_17' title='bbox 288 1187 615 1238; x_wconf 80' lang='lat' dir='ltr'><strong><em>(Argumentum.</em></strong></span> <span class='ocrx_word' id='word_1_18' title='bbox 630 1214 684 1222; x_wconf 89' lang='lat'><strong>--</strong></span> <span class='ocrx_word' id='word_1_19' title='bbox 696 1189 745 1226; x_wconf 89' lang='lat' dir='ltr'><strong>In</strong></span> <span class='ocrx_word' id='word_1_20' title='bbox 765 1188 918 1239; x_wconf 83' lang='lat' dir='ltr'><strong>praediis</strong></span> <span class='ocrx_word' id='word_1_21' title='bbox 944 1187 1086 1236; x_wconf 85' lang='lat' dir='ltr'><strong>Quinti</strong></span> <span class='ocrx_word' id='word_1_22' title='bbox 1104 1199 1144 1225; x_wconf 89' lang='lat' dir='ltr'><strong>se</strong></span> <span class='ocrx_word' id='word_1_23' title='bbox 1160 1185 1291 1234; x_wconf 82' lang='lat' dir='ltr'><strong>fuisse,</strong></span> <span class='ocrx_word' id='word_1_24' title='bbox 1311 1192 1350 1224; x_wconf 85' lang='lat' dir='ltr'><strong>et</strong></span> 
     </span>
     <span class='ocr_line' id='line_1_8' title="bbox 233 1241 1350 1295; baseline -0.002 -15"><span class='ocrx_word' id='word_1_25' title='bbox 233 1242 411 1293; x_wconf 87' lang='lat' dir='ltr'><strong>quaedam</strong></span> <span class='ocrx_word' id='word_1_26' title='bbox 440 1243 508 1292; x_wconf 89' lang='lat' dir='ltr'><strong>ibi,</strong></span> <span class='ocrx_word' id='word_1_27' title='bbox 542 1242 732 1295; x_wconf 75' lang='lat' dir='ltr'><strong>imprimis</strong></span> <span class='ocrx_word' id='word_1_28' title='bbox 763 1243 805 1280; x_wconf 89' lang='lat' dir='ltr'><strong>in</strong></span> <span class='ocrx_word' id='word_1_29' title='bbox 830 1241 1041 1281; x_wconf 76' lang='lat' dir='ltr'><strong>aedificandj</strong></span> <span class='ocrx_word' id='word_1_30' title='bbox 1072 1241 1231 1289; x_wconf 85' lang='lat' dir='ltr'><strong>ratione,</strong></span> <span class='ocrx_word' id='word_1_31' title='bbox 1268 1252 1350 1278; x_wconf 82' lang='lat' dir='ltr'><strong>cor-</strong></span> 
     </span>
     <span class='ocr_line' id='line_1_9' title="bbox 234 1294 1352 1346; baseline -0.002 -12"><span class='ocrx_word' id='word_1_32' title='bbox 234 1295 388 1343; x_wconf 83' lang='lat' dir='ltr'><strong>rexisse,</strong></span> <span class='ocrx_word' id='word_1_33' title='bbox 409 1297 658 1343; x_wconf 85' lang='lat' dir='ltr'><strong>constituisse,</strong></span> <span class='ocrx_word' id='word_1_34' title='bbox 680 1304 978 1342; x_wconf 78' lang='lat' dir='ltr'><strong>commemorat3</strong></span> <span class='ocrx_word' id='word_1_35' title='bbox 1000 1303 1038 1335; x_wconf 90' lang='lat' dir='ltr'><strong>et</strong></span> <span class='ocrx_word' id='word_1_36' title='bbox 1055 1295 1104 1334; x_wconf 80' lang='lat' dir='ltr'><strong>ad</strong></span> <span class='ocrx_word' id='word_1_37' title='bbox 1123 1303 1198 1333; x_wconf 82' lang='lat' dir='ltr'><strong>tres</strong></span> <span class='ocrx_word' id='word_1_38' title='bbox 1212 1294 1352 1346; x_wconf 81' lang='lat' dir='ltr'><strong>episto-</strong></span> 
     </span>
     <span class='ocr_line' id='line_1_10' title="bbox 233 1349 1356 1402; baseline -0.002 -14"><span class='ocrx_word' id='word_1_39' title='bbox 233 1350 304 1397; x_wconf 84' lang='lat' dir='ltr'><strong>las,</strong></span> <span class='ocrx_word' id='word_1_40' title='bbox 325 1364 346 1389; x_wconf 91' lang='lat' dir='ltr'><strong>e</strong></span> <span class='ocrx_word' id='word_1_41' title='bbox 366 1351 496 1389; x_wconf 57' lang='lat' dir='ltr'><strong>Gallia</strong></span> <span class='ocrx_word' id='word_1_42' title='bbox 516 1365 539 1389; x_wconf 87' lang='lat' dir='ltr'><strong>a</strong></span> <span class='ocrx_word' id='word_1_43' title='bbox 569 1350 717 1399; x_wconf 84' lang='lat' dir='ltr'><strong>Quinto</strong></span> <span class='ocrx_word' id='word_1_44' title='bbox 746 1359 931 1402; x_wconf 70' lang='lat' dir='ltr'><strong>acceptas,</strong></span> <span class='ocrx_word' id='word_1_45' title='bbox 955 1350 1003 1388; x_wconf 83' lang='lat' dir='ltr'><strong>de</strong></span> <span class='ocrx_word' id='word_1_46' title='bbox 1021 1349 1133 1388; x_wconf 87' lang='lat' dir='ltr'><strong>variis</strong></span> <span class='ocrx_word' id='word_1_47' title='bbox 1161 1350 1276 1387; x_wconf 81' lang='lat' dir='ltr'><strong>rebus</strong></span> <span class='ocrx_word' id='word_1_48' title='bbox 1294 1359 1356 1386; x_wconf 87' lang='lat' dir='ltr'><strong>re-</strong></span> 
     </span>
     <span class='ocr_line' id='line_1_11' title="bbox 234 1402 1353 1508; baseline -0.001 -66"><span class='ocrx_word' id='word_1_49' title='bbox 234 1405 422 1508; x_wconf 42' lang='lat' dir='ltr'><strong>sponde?</strong></span> <span class='ocrx_word' id='word_1_50' title='bbox 453 1405 568 1444; x_wconf 88' lang='lat' dir='ltr'><strong>simul</strong></span> <span class='ocrx_word' id='word_1_51' title='bbox 601 1405 778 1457; x_wconf 89' lang='lat' dir='ltr'><strong>quaedam</strong></span> <span class='ocrx_word' id='word_1_52' title='bbox 815 1406 863 1444; x_wconf 87' lang='lat' dir='ltr'><strong>de</strong></span> <span class='ocrx_word' id='word_1_53' title='bbox 893 1405 1007 1443; x_wconf 89' lang='lat' dir='ltr'><strong>rebus</strong></span> <span class='ocrx_word' id='word_1_54' title='bbox 1043 1402 1232 1442; x_wconf 84' lang='lat' dir='ltr'><strong>Romanis</strong></span> <span class='ocrx_word' id='word_1_55' title='bbox 1265 1414 1353 1454; x_wconf 83' lang='lat' dir='ltr'><strong>per-</strong></span> 
     </span>
     <span class='ocr_line' id='line_1_12' title="bbox 235 1458 376 1497; baseline 0.007 -1"><span class='ocrx_word' id='word_1_56' title='bbox 235 1458 376 1497; x_wconf 80' lang='lat' dir='ltr'><strong>scribit.</strong></span> 
     </span>
    </p>
   </div>
   <div class='ocr_carea' id='block_1_6' title="bbox 741 1535 850 1543">
    <p class='ocr_par' dir='ltr' id='par_1_6' title="bbox 741 1535 850 1543">
     <span class='ocr_line' id='line_1_13' title="bbox 741 1535 850 1543; baseline 0 858"><span class='ocrx_word' id='word_1_57' title='bbox 741 1535 850 1543; x_wconf 95' lang='lat' dir='ltr'><strong> </strong></span> 
     </span>
    </p>
   </div>
   <div class='ocr_carea' id='block_1_7' title="bbox 238 1563 1362 2213">
    <p class='ocr_par' dir='ltr' id='par_1_7' title="bbox 239 1563 1362 2037">
     <span class='ocr_line' id='line_1_14' title="bbox 291 1563 1355 1618; baseline -0.003 -13"><span class='ocrx_word' id='word_1_58' title='bbox 291 1564 326 1602; x_wconf 86' lang='lat' dir='ltr'><strong>I.</strong></span> <span class='ocrx_word' id='word_1_59' title='bbox 356 1566 443 1618; x_wconf 86' lang='lat' dir='ltr'><strong>Ego</strong></span> <span class='ocrx_word' id='word_1_60' title='bbox 473 1580 520 1605; x_wconf 79' lang='lat' dir='ltr'><strong>ex</strong></span> <span class='ocrx_word' id='word_1_61' title='bbox 539 1567 688 1618; x_wconf 84' lang='lat' dir='ltr'><strong>magnis</strong></span> <span class='ocrx_word' id='word_1_62' title='bbox 714 1567 902 1606; x_wconf 83' lang='lat' dir='ltr'><strong>caloribus</strong></span> <span class='ocrx_word' id='word_1_63' title='bbox 934 1567 1030 1618; x_wconf 89' lang='lat' dir='ltr'><strong>(non</strong></span> <span class='ocrx_word' id='word_1_64' title='bbox 1049 1564 1153 1605; x_wconf 90' lang='lat' dir='ltr'><strong>enim</strong></span> <span class='ocrx_word' id='word_1_65' title='bbox 1175 1563 1355 1603; x_wconf 90' lang='lat' dir='ltr'><strong>memini-</strong></span> 
     </span>
     <span class='ocr_line' id='line_1_15' title="bbox 239 1618 1355 1672; baseline -0.001 -15"><span class='ocrx_word' id='word_1_66' title='bbox 239 1631 327 1657; x_wconf 88' lang='lat' dir='ltr'><strong>mus</strong></span> <span class='ocrx_word' id='word_1_67' title='bbox 354 1620 534 1670; x_wconf 85' lang='lat' dir='ltr'><strong>majores)</strong></span> <span class='ocrx_word' id='word_1_68' title='bbox 566 1622 606 1659; x_wconf 86' lang='lat' dir='ltr'><strong>in</strong></span> <span class='ocrx_word' id='word_1_69' title='bbox 636 1621 816 1672; x_wconf 82' lang='lat' dir='ltr'>Arpinati</span> <span class='ocrx_word' id='word_1_70' title='bbox 845 1621 999 1659; x_wconf 59' lang='lat' dir='ltr'><strong>summa</strong></span> <span class='ocrx_word' id='word_1_71' title='bbox 1024 1633 1112 1659; x_wconf 89' lang='lat' dir='ltr'><strong>cum</strong></span> <span class='ocrx_word' id='word_1_72' title='bbox 1138 1618 1355 1658; x_wconf 81' lang='lat' dir='ltr'><strong>amoenitate</strong></span> 
     </span>
     <span class='ocr_line' id='line_1_16' title="bbox 240 1673 1357 1722; baseline 0 -12"><span class='ocrx_word' id='word_1_73' title='bbox 240 1673 411 1712; x_wconf 87' lang='lat' dir='ltr'><strong>fluminis</strong></span> <span class='ocrx_word' id='word_1_74' title='bbox 429 1688 493 1712; x_wconf 86' lang='lat' dir='ltr'><strong>me</strong></span> <span class='ocrx_word' id='word_1_75' title='bbox 511 1675 623 1713; x_wconf 85' lang='lat' dir='ltr'><strong>refeci</strong></span> <span class='ocrx_word' id='word_1_76' title='bbox 641 1676 822 1713; x_wconf 90' lang='lat' dir='ltr'><strong>ludorum</strong></span> <span class='ocrx_word' id='word_1_77' title='bbox 840 1675 988 1722; x_wconf 85' lang='lat' dir='ltr'><strong>diebus,</strong></span> <span class='ocrx_word' id='word_1_78' title='bbox 1006 1673 1217 1712; x_wconf 87' lang='lat' dir='ltr'><strong>Philotimo</strong></span> <span class='ocrx_word' id='word_1_79' title='bbox 1233 1673 1357 1711; x_wconf 90' lang='lat' dir='ltr'><strong>tribu-</strong></span> 
     </span>
     <span class='ocr_line' id='line_1_17' title="bbox 239 1727 1358 1778; baseline 0 -14"><span class='ocrx_word' id='word_1_80' title='bbox 239 1727 342 1765; x_wconf 86' lang='lat' dir='ltr'><strong>libus</strong></span> <span class='ocrx_word' id='word_1_81' title='bbox 361 1729 647 1767; x_wconf 80' lang='lat' dir='ltr'><strong>commendatis.</strong></span> <span class='ocrx_word' id='word_1_82' title='bbox 678 1729 727 1767; x_wconf 92' lang='lat' dir='ltr'><strong>In</strong></span> <span class='ocrx_word' id='word_1_83' title='bbox 752 1730 909 1767; x_wconf 83' lang='lat' dir='ltr'><strong>Arcano</strong></span> <span class='ocrx_word' id='word_1_84' title='bbox 933 1742 966 1766; x_wconf 87' lang='lat' dir='ltr'><strong>a.</strong></span> <span class='ocrx_word' id='word_1_85' title='bbox 989 1729 1026 1766; x_wconf 86' lang='lat' dir='ltr'><strong>d.</strong></span> <span class='ocrx_word' id='word_1_86' title='bbox 1055 1728 1117 1767; x_wconf 94' lang='lat' dir='ltr'><strong>IV</strong></span> <span class='ocrx_word' id='word_1_87' title='bbox 1137 1727 1233 1766; x_wconf 84' lang='lat' dir='ltr'><strong>Idus</strong></span> <span class='ocrx_word' id='word_1_88' title='bbox 1252 1727 1358 1778; x_wconf 85' lang='lat' dir='ltr'><strong>Sept.</strong></span> 
     </span>
     <span class='ocr_line' id='line_1_18' title="bbox 241 1779 1358 1833; baseline 0 -15"><span class='ocrx_word' id='word_1_89' title='bbox 241 1780 311 1818; x_wconf 82' lang='lat' dir='ltr'><strong>fui.</strong></span> <span class='ocrx_word' id='word_1_90' title='bbox 352 1779 415 1819; x_wconf 90' lang='lat' dir='ltr'><strong>Ibi</strong></span> <span class='ocrx_word' id='word_1_91' title='bbox 447 1782 680 1821; x_wconf 87' lang='lat' dir='ltr'><strong>Messidium</strong></span> <span class='ocrx_word' id='word_1_92' title='bbox 723 1796 812 1822; x_wconf 87' lang='lat' dir='ltr'><strong>cum</strong></span> <span class='ocrx_word' id='word_1_93' title='bbox 857 1783 1085 1830; x_wconf 77' lang='lat' dir='ltr'><strong>Philoxeno,</strong></span> <span class='ocrx_word' id='word_1_94' title='bbox 1124 1793 1358 1833; x_wconf 81' lang='lat' dir='ltr'><strong>aquamque,</strong></span> 
     </span>
     <span class='ocr_line' id='line_1_19' title="bbox 242 1834 1361 1888; baseline 0 -16"><span class='ocrx_word' id='word_1_95' title='bbox 242 1847 362 1886; x_wconf 89' lang='lat' dir='ltr'><strong>quam</strong></span> <span class='ocrx_word' id='word_1_96' title='bbox 380 1835 409 1872; x_wconf 91' lang='lat' dir='ltr'><strong>ii</strong></span> <span class='ocrx_word' id='word_1_97' title='bbox 427 1835 615 1875; x_wconf 82' lang='lat' dir='ltr'><strong>ducebant</strong></span> <span class='ocrx_word' id='word_1_98' title='bbox 634 1850 710 1875; x_wconf 89' lang='lat' dir='ltr'><strong>non</strong></span> <span class='ocrx_word' id='word_1_99' title='bbox 728 1837 843 1888; x_wconf 88' lang='lat' dir='ltr'><strong>longe</strong></span> <span class='ocrx_word' id='word_1_100' title='bbox 854 1850 877 1875; x_wconf 86' lang='lat' dir='ltr'><strong>a</strong></span> <span class='ocrx_word' id='word_1_101' title='bbox 891 1836 996 1883; x_wconf 65' lang='lat' dir='ltr'><strong>vina,</strong></span> <span class='ocrx_word' id='word_1_102' title='bbox 1012 1837 1114 1875; x_wconf 87' lang='lat' dir='ltr'><strong>belle</strong></span> <span class='ocrx_word' id='word_1_103' title='bbox 1131 1848 1221 1874; x_wconf 85' lang='lat' dir='ltr'><strong>sane</strong></span> <span class='ocrx_word' id='word_1_104' title='bbox 1237 1834 1361 1873; x_wconf 90' lang='lat' dir='ltr'><strong>fluen-</strong></span> 
     </span>
     <span class='ocr_line' id='line_1_20' title="bbox 242 1889 1361 1941; baseline 0.001 -16"><span class='ocrx_word' id='word_1_105' title='bbox 242 1895 323 1926; x_wconf 85' lang='lat' dir='ltr'><strong>tem</strong></span> <span class='ocrx_word' id='word_1_106' title='bbox 353 1889 445 1938; x_wconf 85' lang='lat' dir='ltr'><strong>vidi,</strong></span> <span class='ocrx_word' id='word_1_107' title='bbox 476 1891 685 1941; x_wconf 84' lang='lat' dir='ltr'><strong>praesertim</strong></span> <span class='ocrx_word' id='word_1_108' title='bbox 713 1890 885 1929; x_wconf 61' lang='lat' dir='ltr'><strong>maxima</strong></span> <span class='ocrx_word' id='word_1_109' title='bbox 907 1891 1096 1929; x_wconf 85' lang='lat' dir='ltr'><strong>siccitate:</strong></span> <span class='ocrx_word' id='word_1_110' title='bbox 1127 1889 1361 1928; x_wconf 86' lang='lat' dir='ltr'><strong>uberiorem-</strong></span> 
     </span>
     <span class='ocr_line' id='line_1_21' title="bbox 242 1941 1362 1995; baseline 0.001 -16"><span class='ocrx_word' id='word_1_111' title='bbox 242 1956 318 1994; x_wconf 90' lang='lat' dir='ltr'><strong>que</strong></span> <span class='ocrx_word' id='word_1_112' title='bbox 347 1943 542 1995; x_wconf 77' lang='lat' dir='ltr'><strong>aliquanto</strong></span> <span class='ocrx_word' id='word_1_113' title='bbox 568 1958 647 1983; x_wconf 89' lang='lat' dir='ltr'><strong>sese</strong></span> <span class='ocrx_word' id='word_1_114' title='bbox 673 1945 892 1984; x_wconf 78' lang='lat' dir='ltr'><strong>collecturos</strong></span> <span class='ocrx_word' id='word_1_115' title='bbox 924 1957 1003 1983; x_wconf 87' lang='lat' dir='ltr'><strong>esse</strong></span> <span class='ocrx_word' id='word_1_116' title='bbox 1025 1944 1211 1983; x_wconf 80' lang='lat' dir='ltr'><strong>dicebant.</strong></span> <span class='ocrx_word' id='word_1_117' title='bbox 1237 1941 1362 1994; x_wconf 85' lang='lat' dir='ltr'><strong>Apud</strong></span> 
     </span>
     <span class='ocr_line' id='line_1_22' title="bbox 244 1996 625 2037; baseline 0.008 -3"><span class='ocrx_word' id='word_1_118' title='bbox 244 1996 399 2035; x_wconf 89' lang='lat' dir='ltr'><strong>Herum</strong></span> <span class='ocrx_word' id='word_1_119' title='bbox 417 2006 516 2036; x_wconf 88' lang='lat' dir='ltr'><strong>recte</strong></span> <span class='ocrx_word' id='word_1_120' title='bbox 534 2007 625 2037; x_wconf 82' lang='lat' dir='ltr'><strong>erat.</strong></span> 
     </span>
    </p>

    <p class='ocr_par' dir='ltr' id='par_1_8' title="bbox 238 2050 1359 2213">
     <span class='ocr_line' id='line_1_23' title="bbox 297 2050 1358 2104; baseline 0 -16"><span class='ocrx_word' id='word_1_121' title='bbox 297 2051 346 2089; x_wconf 89' lang='lat' dir='ltr'><strong>In</strong></span> <span class='ocrx_word' id='word_1_122' title='bbox 362 2050 564 2091; x_wconf 84' lang='lat' dir='ltr'><strong>Manliano</strong></span> <span class='ocrx_word' id='word_1_123' title='bbox 576 2052 716 2091; x_wconf 88' lang='lat' dir='ltr'><strong>offendi</strong></span> <span class='ocrx_word' id='word_1_124' title='bbox 728 2052 935 2104; x_wconf 90' lang='lat' dir='ltr'><strong>Diphilum</strong></span> <span class='ocrx_word' id='word_1_125' title='bbox 949 2051 1111 2104; x_wconf 88' lang='lat' dir='ltr'><strong>Diphilo</strong></span> <span class='ocrx_word' id='word_1_126' title='bbox 1125 2051 1328 2090; x_wconf 85' lang='lat' dir='ltr'><strong>tardiorem</strong></span> <span class='ocrx_word' id='word_1_127' title='bbox 1346 2065 1358 2089; x_wconf 73' lang='grc' dir='ltr'><strong><em>ε</em></strong></span> 
     </span>
     <span class='ocr_line' id='line_1_24' title="bbox 238 2104 1359 2160; baseline 0.002 -19"><span class='ocrx_word' id='word_1_128' title='bbox 238 2104 304 2142; x_wconf 85' lang='lat' dir='ltr'><strong>sed</strong></span> <span class='ocrx_word' id='word_1_129' title='bbox 323 2113 451 2144; x_wconf 87' lang='lat' dir='ltr'><strong>tamen</strong></span> <span class='ocrx_word' id='word_1_130' title='bbox 471 2106 569 2145; x_wconf 91' lang='lat' dir='ltr'><strong>nihil</strong></span> <span class='ocrx_word' id='word_1_131' title='bbox 587 2106 621 2144; x_wconf 84' lang='lat' dir='ltr'><strong>ei</strong></span> <span class='ocrx_word' id='word_1_132' title='bbox 648 2108 813 2146; x_wconf 84' lang='lat' dir='ltr'><strong>restabat</strong></span> <span class='ocrx_word' id='word_1_133' title='bbox 835 2115 972 2160; x_wconf 83' lang='lat' dir='ltr'><strong>praeter</strong></span> <span class='ocrx_word' id='word_1_134' title='bbox 993 2106 1201 2154; x_wconf 80' lang='lat' dir='ltr'><strong>balnearia,</strong></span> <span class='ocrx_word' id='word_1_135' title='bbox 1222 2112 1258 2144; x_wconf 90' lang='lat' dir='ltr'><strong>et</strong></span> <span class='ocrx_word' id='word_1_136' title='bbox 1277 2117 1359 2143; x_wconf 85' lang='lat' dir='ltr'><strong>am-</strong></span> 
     </span>
     <span class='ocr_line' id='line_1_25' title="bbox 238 2158 1355 2213; baseline 0.001 -17"><span class='ocrx_word' id='word_1_137' title='bbox 238 2158 487 2209; x_wconf 71' lang='lat' dir='ltr'><strong>bulationem,</strong></span> <span class='ocrx_word' id='word_1_138' title='bbox 519 2169 557 2200; x_wconf 86' lang='lat' dir='ltr'><strong>et</strong></span> <span class='ocrx_word' id='word_1_139' title='bbox 581 2161 779 2201; x_wconf 79' lang='lat' dir='ltr'><strong>aviarium.</strong></span> <span class='ocrx_word' id='word_1_140' title='bbox 810 2162 917 2201; x_wconf 85' lang='lat' dir='ltr'><strong>Vina</strong></span> <span class='ocrx_word' id='word_1_141' title='bbox 936 2161 1032 2200; x_wconf 83' lang='lat' dir='ltr'><strong>mihi</strong></span> <span class='ocrx_word' id='word_1_142' title='bbox 1061 2161 1172 2201; x_wconf 82' lang='lat' dir='ltr'><strong>valde</strong></span> <span class='ocrx_word' id='word_1_143' title='bbox 1196 2159 1355 2213; x_wconf 80' lang='lat' dir='ltr'><strong>placuit,</strong></span> 
     </span>
    </p>
   </div>
  </div>
 </body>
</html>
