1498 2401
355 41 433 80 AD
464 39 750 80 ATTICUM.
781 41 883 80 Lm.
903 40 1031 80 XIII.
1060 42 1127 80 21.
1225 42 1300 80 153

394 149 511 199 (21.)
547 148 763 188 CICERO
793 148 1010 189 ATTICO
1042 150 1082 190 S.

232 255 298 296 Ad
328 257 505 297 Hirtium
538 257 717 296 dederam
747 255 946 307 epistolam
978 269 1068 295 sane
1097 257 1298 308 grandem,

176 322 294 361 quam
310 312 535 374 scripseram
545 311 720 363 proxime
733 310 775 348 in
790 309 1022 348 Tusculano.
1045 311 1166 360 Huic,
1180 325 1299 362 quam

177 372 262 403 tum
280 366 378 403 1111111
401 366 552 413 misisti,
572 365 776 404 rescribam
801 365 919 402 31135·
951 376 1054 402 1111115
1079 365 1162 403 31115
1180 366 1297 404 111310.

177 417 286 465 Quid
303 431 460 471 possum
475 421 522 459 de
541 419 752 480 Torquato,
767 419 840 456 nisi
855 418 1002 469 aliquid
1020 431 1043 455 a
1058 418 1296 458 Dolabella?

175 473 280 523 quod
299 473 416 512 simul
428 488 485 524 ac,
506 474 686 513 continuo
701 473 834 511 scietis.
864 472 1149 523 Exspectabam
1168 472 1296 522 hodie,

173 536 255 574 aut,
276 541 489 575 summum,
513 542 608 577 cras,
629 529 676 565 ab
696 540 740 566 eo
759 526 974 565 tabellarios
991 541 1002 563 z
1033 526 1102 578 qui
1120 526 1236 564 simul
1255 540 1299 566 ac

174 581 358 631 venerint,
379 583 581 621 mittentur
599 581 649 619 ad
668 588 717 620 te.
752 581 793 618 A
810 580 960 628 Quinto
979 588 1179 631 exspecto:
1209 594 1298 632 pro-

174 633 342 673 ficiscens
363 637 466 675 enim
486 650 506 675 e
531 636 755 674 Tusculano
774 635 886 674 VIII
910 633 995 673 Cal.
1026 642 1072 672 ut
1095 634 1181 682 5515,
1207 635 1296 673 111151

173 688 223 725 ad
241 702 331 727 eum
347 691 578 729 tabellarios.

228 743 269 780 N
273 756 361 791 unc,
382 745 431 783 ad
449 758 531 784 rem
549 753 594 783 ut
608 744 776 792 redeam,
793 745 819 765 ‘²
833 743 1033 781 {nh-ibere’
1052 742 1151 780 illud
1165 749 1292 792 tuum,

173 797 278 847 quod
296 798 406 837 valde
424 799 522 837 mihi
541 799 728 846 arriserat,
750 798 993 837 vehementer
1011 797 1208 847 displicet:
1240 805 1296 836 est

173 850 276 889 enim
295 854 456 891 verbum
479 860 604 892 totum
627 853 837 890 nauticum.
867 851 1121 903 Quamquam
1149 851 1189 889 id
1209 851 1296 903 qui-

174 904 262 942 dem
282 907 472 945 sciebam:
505 907 570 945 sed
596 907 805 945 arbitrabar
831 905 1008 944 sustineri
1037 917 1176 953 remos,
1205 918 1295 943 cum

171 958 342 998 inhibere
362 968 484 999 essent
501 961 663 1012 remiges
685 961 794 1009 jussi.
827 959 876 997 Id
894 971 971 997 non
991 971 1070 997 esse
1090 959 1292 1008 ejusmodi,

172 1013 287 1052 didici
305 1014 400 1064 heri,
429 1028 519 1053 cum
543 1015 592 1053 ad
611 1014 744 1053 villam
770 1022 940 1052 nostram
959 1013 1066 1050 navis
1085 1014 1295 1064 appellere-

169 1075 244 1105 tur.
277 1068 370 1106 Non
398 1070 502 1107 enim
525 1069 725 1115 sustinent,
750 1068 815 1106 sed
838 1067 912 1106 alio
935 1066 1050 1104 modo
1074 1067 1289 1117 remigant·

170 1121 209 1158 id
228 1123 277 1159 ab
305 1137 416 1175 εποχῃ
434 1123 733 1161 remotissimum
764 1130 844 1167 est3
876 1133 993 1172 quare
1021 1120 1148 1169 facies,
1169 1129 1213 1159 ut
1237 1122 1292 1160 ita

169 1175 217 1213 sit
246 1176 285 1213 in
315 1176 427 1238 libro,
458 1177 787 1229 quemadmodum
818 1151 904 1214 f’uit.
947 1174 1063 1213 Dices
1091 1174 1164 1213 hoc
1187 1175 1291 1213 idem

170 1229 209 1267 V
210 1230 350 1277 arreni,
379 1231 453 1269 nisi
479 1231 575 1269 forte
602 1230 778 1269 mutavit.
818 1231 903 1268 Nec
931 1236 987 1267 est
1012 1228 1150 1267 melius
1178 1229 1292 1281 quid-

171 1297 305 1335 quam,
326 1298 460 1336 quam,
482 1292 526 1323 ut
538 1284 738 1323 Lucilius:

168 1367 198 1388 ‘⁶
223 1366 416 1406 Sustineat
434 1379 605 1416 currum,
624 1374 671 1405 ut
687 1367 806 1405 bonu'
827 1379 927 1418 saepe
951 1365 1128 1417 agitator,
1155 1378 1291 1418 equos-

330 1435 406 1473 que
419 1422 461 1460 :”

167 1517 392 1556 semperque
434 1504 649 1544 Carneades
689 1503 871 1554 προβολην
906 1502 1063 1554 pugih'S,
1099 1509 1137 1541 et
1164 1509 1289 1541 reten-

166 1558 310 1596 tionem
329 1559 485 1610 aurigae,
506 1559 672 1597 similem
690 1557 781 1596 facit
801 1571 926 1610 επεχῃ.
955 1556 1140 1595 Inhibitio
1158 1564 1289 1595 autem

163 1612 356 1663 remigum
383 1621 534 1651 motum
558 1613 689 1660 habet,
711 1618 748 1650 et
767 1611 1088 1650 vehementiorem
1117 1610 1289 1662 quidem,

165 1666 439 1717 remigationis,
459 1680 596 1706 navem
616 1664 866 1705 convertentis
881 1665 931 1703 ad
948 1665 1125 1717 puppim.
1154 1664 1288 1713 Vides,

165 1728 311 1771 quanto
328 1721 400 1759 hoc
418 1721 638 1773 diligentius
657 1732 802 1769 curem,
823 1732 940 1769 quam
959 1727 1027 1758 aut
1045 1719 1092 1757 de
1118 1732 1286 1768 rumore,

165 1781 234 1812 aut
251 1774 299 1812 de
320 1775 506 1814 Pollione.
547 1775 610 1813 De
636 1774 764 1813 Pansa
784 1774 913 1822 etiam,
943 1774 974 1812 si
1007 1773 1102 1825 quid
1124 1774 1285 1811 certius:

167 1828 296 1872 (credo
326 1830 429 1867 enim
458 1830 588 1881 palam
618 1828 766 1867 factum
796 1841 874 1866 esse
889 1835 919 1875 z)
951 1827 999 1866 de
1035 1827 1221 1877 Critonio,
1256 1827 1289 1865 si

167 1882 263 1934 quid
289 1890 407 1921 esset:
451 1890 616 1922 certe-ne
641 1883 688 1921 de
719 1882 881 1920 Metello
908 1889 946 1920 et
975 1881 1175 1920 Balbino?
1211 1881 1288 1920 Dic

165 1936 277 1985 mihi,
311 1938 484 1988 placetne
513 1937 598 1987 tibi,
631 1937 818 1988 primum,
853 1936 962 1975 edere
990 1936 1139 1997 injussu
1166 1948 1252 1973 meo
1267 1938 1285 1974 ?

167 1991 256 2029 Hoc
273 2003 322 2028 115
342 1991 605 2030 Hermodorus
628 1991 787 2043 quidem
811 1990 987 2039 faciebat,
1007 1990 1039 2028 15
1067 1989 1135 2041 qui
1154 1990 1286 2027 Plato-

165 2044 225 2083 nis
254 2045 371 2083 libros
401 2046 535 2084 solitus
568 2052 625 2084 est
653 2045 876 2096 divulgare,
915 2058 962 2083 ex
999 2056 1090 2095 quo,
1125 2051 1285 2090 ὶογοισιν

160 2099 345 2149 Ερμοὸωρ
349 2115 396 2142 ος.
417 2099 526 2147 Quid
539 2099 658 2137 fflud.
648 2101 666 2127 ⁹
685 2107 882 2138 rectumne
894 2099 1088 2137 existimas
1103 2097 1286 2147 cuiquam

165 2160 266 2199 ante,
280 2166 398 2204 quam
410 2153 568 2193 Bruto?
589 2153 665 2201 cui,
678 2160 716 2191 te
731 2160 895 2201 auctore,
913 2160 1128 2204 προστωνω.
1157 2150 1284 2202 Scrip-
