1498 2401
233 60 312 98 240
423 60 505 99 AD
533 59 817 101 ATTICUM.
847 60 947 100 Lm.
967 59 1087 101 XVt.
1115 61 1156 99 2.

235 166 341 206 Mihi
369 176 513 217 autem,
530 183 608 221 quo
632 170 777 209 laetiora
800 177 902 218 sunt,
930 183 973 209 eo
998 170 1086 222 plus
1104 169 1288 208 stomachi
1311 176 1350 209 et

232 222 416 261 molestiae
441 231 510 269 est,
536 225 726 275 populum
749 225 973 263 Romanum
999 236 1138 262 manus
1163 237 1249 262 suas
1273 235 1351 262 non

234 275 276 313 in
299 275 537 315 defendenda
564 278 772 329 republica,
803 278 870 317 sed
898 279 939 316 in
965 277 1197 330 plaudendo,
1217 290 1354 316 consu-

236 341 352 369 mere.
382 331 487 369 Mihi
507 332 663 383 quidem
682 332 858 371 videntur
881 332 1042 371 istorum
1066 331 1186 370 animi
1203 331 1354 370 incendi

237 383 352 422 etiam
379 385 428 423 ad
456 387 799 437 repraesentandam
823 387 1107 438 improbitatem
1126 398 1248 424 suam.
1277 385 1354 424 Sed

237 443 381 486 tamen,
400 441 428 462 ‘⁶
439 439 650 478 dummodo
661 440 786 479 doleat
804 440 964 492 aliquid,
981 440 1107 478 doleat
1125 439 1337 500 quidlibet)
1341 439 1353 458 '

291 491 505 531 Consilium
523 507 655 532 meum
675 494 779 546 quod
791 495 844 532 ais
864 494 1033 546 quotidie
1051 494 1174 544 magis
1191 493 1354 540 laudari,

236 556 314 583 non
332 548 490 585 moleste
507 547 614 593 fero;
645 551 1000 610 exspectabamque,
1017 548 1049 586 si
1068 547 1162 599 quid
1180 547 1228 586 de
1246 560 1290 585 eo
1308 546 1358 586 ad

237 611 302 637 me
326 601 515 640 scriberes.
547 603 635 654 Ego
663 603 766 640 enim
791 603 831 640 in
850 602 972 640 varios
1000 613 1189 640 sermones
1215 600 1358 639 incide-

237 654 339 692 bam.
370 655 479 703 Quin
498 656 613 694 etiam
632 656 769 694 idcirco
788 656 1001 702 trahebam,
1021 662 1066 692 ut
1084 667 1204 706 quam
1222 654 1357 693 diutis-

239 708 334 747 sime
350 709 544 760 integrum
564 717 669 748 esset.
703 709 792 758 Sed,
813 709 997 761 quoniam
1014 708 1168 747 furcula
1186 709 1357 747 extrudi-

240 775 343 811 mur,
368 763 624 801 Brundisium
645 763 780 814 cogito.
808 763 972 801 Facilior
997 762 1101 800 enim
1123 770 1161 801 et
1184 763 1359 814 explora-

238 816 312 855 tior
331 817 510 855 devitatio
523 818 719 868 legionum
730 817 811 856 fore
821 817 986 865 videtur,
1001 829 1120 868 quam
1133 816 1359 868 piratarum,

239 870 308 922 qui
327 883 508 921 apparere
526 871 717 910 dicuntur.

296 924 449 963 Sextius
469 925 532 963 VI
554 925 648 963 Idus
667 926 957 976 exspectabatur
974 937 987 970 3
1017 924 1083 963 sed
1095 936 1174 963 non
1192 932 1360 974 venerat,

241 978 344 1030 quod
357 978 485 1016 sciam.
507 978 661 1018 Cassius
674 992 763 1017 cum
774 979 971 1018 classicula
985 979 1055 1017 sua
1066 985 1231 1017 venerat.
1257 978 1360 1030 Ego,

241 1045 331 1071 cum
351 1045 440 1070 eum
460 1032 652 1082 vidissem,
672 1033 713 1072 V
734 1031 817 1073 Cal.
845 1033 887 1071 in
913 1033 1196 1084 Pompeianum
1221 1032 1363 1084 cogita-

242 1087 348 1132 bam,
368 1086 458 1125 inde
477 1087 716 1126 AEculanum
732 1101 744 1134 3
774 1087 876 1125 nosti
894 1087 1052 1139 reliqua.
1081 1086 1145 1125 De
1168 1087 1290 1126 Tutia
1307 1086 1362 1126 ita

240 1140 434 1192 putaram.
465 1140 528 1179 De
546 1141 724 1191 AEbutio,
751 1153 829 1180 non
856 1141 966 1180 credo
984 1156 996 1180 ι
1026 1153 1096 1180 nec
1120 1147 1251 1180 tamen
1269 1153 1361 1181 curo

241 1195 343 1246 plus,
365 1207 484 1246 quam
502 1202 559 1233 tu.

298 1249 442 1287 Planco
462 1256 498 1287 et
516 1249 648 1301 Oppio
667 1250 799 1302 scripsi
826 1249 1020 1302 equidem,
1049 1248 1232 1301 quoniam
1250 1249 1362 1302 1053-

244 1315 330 1342 ras:
361 1302 439 1351 sed,
460 1303 492 1341 si
518 1303 588 1342 tibi
612 1303 816 1352 videbitur,
836 1317 885 1342 ne
912 1316 1062 1342 necesse
1080 1303 1258 1342 habueris
1277 1304 1363 1343 red·

243 1356 342 1395 dere.
373 1356 476 1395 Cum
495 1357 598 1396 enim
616 1358 686 1396 tua
704 1358 818 1396 031153
829 1357 985 1396 fecerint
996 1357 1138 1404 omnia,
1157 1370 1297 1407 vereor,
1314 1371 1365 1398 ne

244 1423 349 1449 meas
373 1410 500 1449 literas
525 1424 820 1463 supervacaneas
843 1411 1084 1450 arbitrentur.
1119 1411 1250 1463 Oppio
1277 1412 1363 1464 qui-

244 1464 334 1502 dem
352 1464 496 1516 utique,
509 1478 626 1516 quem
637 1466 708 1504 tibi
719 1465 993 1504 amicissimum
1009 1466 1179 1517 cognovi.
1198 1466 1363 1516 Verum,

190 1530 193 1531 ⁷
247 1526 291 1556 ut
309 1519 424 1557 voles.

301 1572 381 1619 Τ11,
403 1572 586 1623 quoniam
612 1572 741 1612 scribis
760 1573 1022 1612 hiematurum
1040 1580 1078 1612 te
1096 1573 1137 1611 in
1155 1573 1290 1626 Epiro,
1310 1574 1366 1614 fe-

246 1626 340 1665 ceris
357 1626 455 1664 mihi
473 1635 640 1678 gratum,
663 1627 694 1665 si
712 1635 799 1666 ante
821 1641 865 1667 eo
884 1628 1043 1689 veneris,
1070 1641 1186 1679 quam
1206 1628 1336 1666 mihi·
1325 1641 1367 1667 m

249 1680 419 1728 Italiam,
449 1688 486 1718 te
513 1689 678 1729 auctore,
705 1682 936 1721 veniendum
962 1682 1022 1720 sit.
1056 1681 1204 1721 Literas
1229 1682 1279 1720 ad
1303 1695 1367 1721 me

247 1747 368 1786 quam
399 1734 619 1786 saepissime,
653 1735 731 1785 sed,
759 1736 806 1774 de
834 1738 947 1775 rebus
973 1735 1102 1774 minus
1133 1735 1364 1784 necessariis,

248 1788 426 1854 aliquem
441 1797 599 1828 nactus:
631 1790 690 1828 sin
715 1798 846 1828 autem
878 1790 948 1828 erit
972 1789 1066 1842 quid
1090 1791 1230 1839 majus,
1250 1790 1366 1829 domo

247 1842 403 1881 mittito.
419 1842 698 1893 Ἠρακλειὸειον,
713 1845 742 1882 51
755 1844 1009 1882 Brundisium
1022 1844 1128 1891 salvi,
1137 1843 1364 1882 adoriemur.

252 1898 281 1920 “
302 1895 366 1934 De
386 1895 546 1934 Gloria?
579 1897 667 1936 misi
694 1898 790 1943 tibi;
821 1897 1007 1937 custodies
1028 1897 1160 1949 igitur,
1180 1906 1224 1936 ut
1243 1897 1364 1936 soles.

252 1948 340 1999 [sed
358 1959 491 1988 notent
510 1951 710 2001 eclogarii·
700 1953 735 2004 3]
763 1965 860 2003 quos
889 1952 1054 1999 Salvius,
1080 1953 1199 1990 bonos
1217 1951 1367 1990 audito-

251 2017 311 2043 res
335 2011 482 2051 nactus,
506 2004 547 2042 in
562 2006 734 2043 convivio
759 2006 961 2055 duntaxat,
980 2006 1095 2057 legat.
1134 2005 1239 2044 Mihi
1257 2005 1368 2044 valde

251 2058 428 2110 placent·
419 2087 429 2098 .
460 2059 632 2109 mallem,
652 2059 735 2099 tibi.
764 2059 897 2099 Etiam
915 2067 1030 2112 atque
1049 2060 1164 2100 etiam
1182 2059 1278 2099 vale.
