1513 2370
185 81 261 120 124
371 81 456 120 AD
475 81 764 121 ATTICUM.
793 81 895 120 Lm.
915 79 1017 120 XII.
1041 80 1109 120 34.

183 201 263 227 non
281 188 463 242 iniquum
481 190 687 240 videbitur,
708 198 753 229 ut
771 197 922 230 sumtus
945 189 1065 239 hujus
1088 186 1307 241 peregrina-

183 242 313 291 tionis,
337 245 494 296 quibus,
514 245 546 284 si
564 246 704 284 Romae
730 252 841 293 esset,
861 244 1100 296 domumque
1118 241 1305 282 conduce-

183 304 254 346 ret,
277 298 400 350 (quod
415 299 539 338 facere
567 298 776 351 cogitabat)
803 299 914 338 facile
932 304 1132 337 contentus
1148 295 1305 335 futurus

184 358 280 401 erat,
299 354 561 393 accommodet
575 353 625 392 ad
641 353 833 393 mercedes
849 352 1018 404 Argileti
1036 359 1074 391 et
1090 349 1279 390 Aventini
1290 363 1303 388 z

185 412 237 455 et,
258 419 349 446 cum
361 408 395 446 ei
412 408 666 461 proposueris,
681 409 777 461 ipse,
792 408 920 457 velim,
936 407 1086 459 reliqua
1095 405 1305 452 moderere,

186 461 518 512 quemadmodum
537 476 585 501 ex
603 463 649 502 iis
671 463 910 502 mercedibus
939 460 1228 514 suppeditemus
1255 458 1305 506 ei,

187 515 293 566 quod
311 529 407 568 opus
427 517 486 556 sit.
516 518 727 566 Praestabo,
747 530 816 556 nec
834 517 1041 564 Bibulum,
1070 527 1141 554 nec
1168 512 1308 552 Acidi-

186 581 298 619 num,
331 583 402 610 nec
428 571 654 620 Messalam,
681 585 778 624 quos
795 571 964 610 Athenis
993 570 1145 608 futuros
1175 566 1307 616 audio,

187 625 352 675 majores
370 634 521 665 sumtus
539 626 718 675 facturos,
736 639 853 678 quam
870 625 975 677 quod
986 637 1034 663 ex
1053 624 1106 662 eis
1124 620 1309 661 mercedi-

187 678 261 717 bus
279 679 493 732 recipietur.
534 681 673 733 Itaque
701 681 818 720 velim
836 680 978 727 videas,
1003 679 1191 731 primum,
1217 688 1310 715 con-

187 731 361 773 ductores
380 735 448 786 qui
466 734 557 784 sint,
578 743 616 773 et
633 735 797 787 quanti;
827 734 980 781 deinde,
1007 740 1053 771 ut
1077 733 1140 779 sit,
1172 730 1240 783 qui
1257 729 1310 769 ad

187 786 292 826 diem
318 789 465 835 solvat3
496 797 547 837 et,
574 789 668 841 quid
688 789 828 837 viatici,
858 788 953 840 quid
971 785 1230 833 instrumenti,
1249 797 1311 824 m-

186 841 234 880 tis
246 842 305 880 sit.
334 843 362 881 J
366 851 525 882 umento
543 851 642 882 certe
655 844 824 882 Athenis
834 842 933 880 nihil
946 855 1044 893 opus
1057 847 1137 880 est:
1167 839 1310 892 quibus

189 903 320 935 autem
337 897 379 934 in
398 897 462 936 via
485 906 631 946 utatur,
658 898 765 937 domi
796 904 887 935 sunt
915 897 1043 949 plura,
1062 906 1184 948 quam
1210 905 1310 947 opus

189 958 292 990 erat:
323 951 428 1003 quod
445 952 563 991 etiam
581 959 624 991 tu
643 951 927 991 animadvertis.

417 1059 530 1111 (33.)
560 1058 771 1099 CICERO
799 1055 1025 1097 ATTICO
1052 1055 1093 1095 S.

241 1165 344 1218 Ego,
368 1169 431 1221 (ut
462 1168 545 1207 heri
575 1167 625 1206 ad
654 1175 692 1207 te
722 1166 871 1220 scripsi)
891 1166 925 1205 si
945 1173 984 1205 et
1009 1164 1128 1206 Silius
1145 1162 1179 1202 is
1195 1159 1313 1201 fuerit

185 1234 303 1273 quem
323 1229 365 1260 tu
384 1230 512 1274 putas,
528 1235 597 1261 nec
609 1222 762 1262 Drusus
779 1222 931 1261 facilem
943 1233 982 1260 se
994 1217 1214 1272 praebuerit,
1230 1215 1314 1254 Da-

187 1276 424 1328 masippum,
445 1277 576 1325 velim,
597 1277 831 1329 aggrediare.
861 1275 902 1314 Is
921 1272 1093 1327 (opinor)
1114 1272 1169 1311 ita
1185 1277 1313 1324 partes

187 1330 277 1368 fecit
301 1330 343 1368 in
364 1331 449 1382 ripa
479 1331 603 1370 nescio
633 1339 888 1383 quotenorum
912 1331 1112 1380 jugerum,
1137 1334 1183 1365 ut
1210 1331 1313 1386 certa

188 1384 311 1436 pretia
325 1385 588 1431 constituerem
611 1399 699 1438 quae
717 1385 815 1423 mihi
827 1391 919 1424 nota
936 1395 1015 1422 non
1033 1389 1134 1422 sunt.
1163 1380 1314 1421 Scnbes

189 1438 239 1476 ad
252 1451 316 1477 me
333 1439 466 1490 igitur,
487 1439 678 1492 quidquid
696 1439 828 1491 egeris.

245 1493 504 1533 Vehementer
522 1507 586 1533 me
602 1494 778 1533 sollicitat
788 1493 931 1532 Atticae
949 1500 1088 1531 nostrae
1104 1487 1285 1530 valetudo
1296 1500 1312 1532 ὅ

189 1555 234 1586 ut
252 1561 382 1586 verear
401 1549 531 1596 etiam,
552 1561 602 1588 ne
626 1562 705 1601 qua
728 1549 843 1600 culpa
860 1548 919 1586 sit.
963 1546 1040 1587 Sed
1058 1553 1095 1585 et
1113 1540 1315 1598 paedagogi

188 1602 372 1654 probitas,
389 1611 427 1641 et
445 1603 583 1642 medici
601 1602 815 1649 assiduitas,
835 1610 873 1641 et
892 1609 973 1641 tota
990 1601 1129 1639 domus
1146 1600 1188 1638 in
1205 1597 1315 1638 omni

188 1669 326 1708 genere
344 1656 521 1708 diligens,
542 1670 606 1696 me
632 1670 762 1696 rursus
779 1656 821 1695 id
845 1655 1031 1709 suspicari
1055 1660 1170 1694 vetat.
1207 1653 1317 1693 Cura

190 1711 335 1763 igitur:
355 1711 470 1763 plura
488 1712 592 1751 enim
611 1724 689 1751 non
707 1724 879 1764 possum.

419 1874 534 1927 (34.)
567 1873 784 1916 menno
813 1873 1028 1916 ATrICo
1049 1874 1090 1914 s,

244 1983 334 2034 Ego
343 1982 424 2033 hic,
437 1984 498 2022 vel
513 1983 594 2023 sine
605 1984 707 2032 Sica,
721 1985 881 2035 (Tironi
894 1984 999 2024 enim
1017 1983 1158 2024 melius
1168 1981 1243 2034 αἱ)
1258 1982 1318 2023 fa-

193 2037 336 2076 cillime
354 2051 505 2090 possem
520 2051 614 2087 esse,
627 2049 672 2077 ut
682 2039 724 2077 in
738 2040 852 2079 malis
865 2055 877 2079 z
898 2039 978 2089 sed,
994 2052 1084 2078 cum
1096 2038 1249 2087 scribas,
1261 2038 1321 2078 vi-

192 2091 363 2130 dendum
382 2091 480 2131 mihi
506 2106 585 2132 esse
607 2106 657 2133 ne
685 2095 882 2146 opprimar
900 2097 966 2139 (ex
985 2107 1063 2146 quo
1086 2092 1316 2145 intelligam,

193 2154 232 2185 te
260 2154 409 2186 certum
434 2147 538 2186 diem
556 2147 661 2187 illius
678 2148 921 2200 profectionis
938 2160 1017 2187 non
1041 2145 1217 2198 habere),
1243 2160 1319 2200 pu·

190 2201 268 2239 tavi
293 2213 374 2240 esse
403 2202 657 2251 commodius,
688 2215 751 2241 me
778 2203 877 2243 istuc
899 2202 1056 2249 venire3
1085 2201 1192 2256 quod
1211 2200 1317 2242 idem
