1513 2370
184 56 259 94 132
372 54 454 94 AD
482 52 771 95 ATTICUM.
799 51 903 91 Lm.
920 50 1117 92 X11.«43.

182 178 229 204 ea
243 171 299 203 est
312 166 330 201 ¹?
359 172 428 203 aut
445 164 601 216 quando
619 164 811 203 ventura?
832 162 967 202 Placet
977 161 1076 202 mihi
1086 173 1147 201 res
1164 163 1232 213 sic,
1242 171 1302 216 ut,

185 218 398 258 secundum
418 218 631 266 Othonem,
650 217 749 256 nihil
769 217 905 269 magis.
948 216 1026 257 Sed
1049 229 1176 269 neque
1204 218 1306 260 hanc

185 273 426 312 venditur-am
444 281 565 326 puto:
593 273 802 312 delectatur
830 272 949 321 enim,
981 278 1020 310 et
1044 271 1196 323 copiosa
1220 281 1278 313 est
1291 289 1304 313 ε

186 336 225 367 et
237 328 336 366 illud
354 329 518 367 alterum
537 341 656 380 quam
675 327 723 365 sit
741 325 908 375 difficile,
929 334 968 365 te
984 338 1063 364 non
1073 325 1186 377 fugit.
1216 328 1307 379 Sed,

186 384 354 431 obsecro,
375 383 581 431 enitamur,
600 390 646 420 ut
664 380 826 433 aliquid,
846 381 896 420 ad
912 380 954 419 id
971 379 1077 433 quod
1094 380 1222 433 cupio,
1242 395 1311 422 ex.

188 445 411 489 cogitemus.

242 492 332 544 Ego
348 505 412 531 me
427 491 519 530 hinc
541 491 723 544 postridie
741 490 938 529 exiturum
954 496 1065 542 puto,
1094 489 1161 529 sed
1185 498 1253 530 aut
1269 491 1312 532 in

191 546 478 595 Tusculanum,
499 554 567 584 aut
591 545 781 591 domum;
810 544 900 583 inde
924 544 1082 583 fortasse
1100 544 1311 597 Arpinum.

190 601 295 641 Cum
314 609 462 640 certum
480 601 611 647 sciero,
631 599 794 638 scribam
813 599 862 637 ad
887 607 936 638 te.
970 599 1141 638 Venerat
1158 599 1256 639 mihi
1271 601 1314 639 in

189 664 375 703 mentem,
389 667 544 694 monere
561 663 614 701 te,
630 663 674 692 ut
684 654 725 692 id
743 654 887 705 ipsum,
901 652 1006 705 quod
1018 652 1125 701 facis,
1144 653 1285 694 faceres
1300 670 1314 695 e

191 712 377 762 putabam
397 710 515 757 enim,
535 708 774 747 commodius
792 716 830 746 te
840 707 944 746 idem
957 706 1063 746 istud
1080 707 1186 746 domi
1203 722 1316 762 agere

193 777 318 816 posse,
337 763 643 816 interpellatione
662 762 826 801 sublata.

416 924 532 979 (43.)
565 923 778 964 CICERO
807 920 1021 962 ATTICO
1050 922 1091 962 s.

250 1037 339 1088 Ego
357 1034 539 1089 postridie
559 1033 656 1072 Idus
675 1036 737 1077 (ut
755 1032 887 1085 scripsi
901 1031 951 1071 ad
970 1039 1008 1071 te
1025 1037 1132 1079 ante)
1151 1028 1319 1070 Lanuvii

196 1104 352 1130 manere
366 1089 566 1134 constitui3
586 1087 676 1126 inde
690 1095 758 1126 aut
773 1088 925 1137 Romae,
937 1094 1006 1126 aut
1022 1086 1065 1124 in
1076 1084 1318 1124 Tusculano:

197 1147 290 1186 sci&
304 1153 392 1184 ante
410 1152 633 1196 utrumque,
662 1141 781 1191 Quod
799 1142 899 1190 siles,
918 1140 1017 1179 mihi
1027 1140 1137 1179 illam
1147 1152 1230 1179 rem
1242 1138 1323 1177 fore

197 1201 429 1247 levamento,
441 1200 539 1238 bene
556 1197 673 1243 facis3
695 1209 784 1236 cum
799 1196 841 1235 id
858 1204 969 1243 esset,
983 1195 1083 1234 mihi
1099 1194 1223 1242 crede,
1237 1205 1325 1245 per-

199 1255 305 1304 inde,
343 1262 388 1293 ut
425 1253 644 1292 existimare
681 1259 724 1292 tu
756 1263 836 1289 non
865 1263 1005 1303 posses.
1051 1250 1132 1289 Res
1166 1247 1324 1294 indicat,

201 1317 347 1363 quanto
358 1321 471 1361 opere
489 1307 530 1346 id
549 1307 718 1358 cupiam,
738 1318 829 1344 eum
848 1305 921 1344 tibi
945 1303 1109 1343 audaem
1127 1301 1324 1347 confiteri;

203 1378 321 1417 quem
339 1363 380 1402 id
399 1375 477 1401 non
494 1362 549 1400 ita
563 1361 673 1400 valde
684 1362 844 1412 probare
855 1359 1026 1398 arbitrer.
1055 1357 1131 1398 Sed
1149 1355 1330 1396 ferendus

203 1419 274 1458 tibi
292 1419 333 1456 in
352 1419 424 1457 hoc
442 1429 553 1456 meus
568 1428 693 1455 error:
723 1413 903 1454 ferendus
917 1415 936 1453 Ρ
966 1413 1089 1452 immo
1106 1424 1196 1452 vero
1213 1409 1330 1450 etiam

208 1472 462 1523 adjuvandus.

262 1527 325 1566 De
337 1527 507 1574 Othone,
521 1524 667 1574 diffido,
680 1524 836 1563 fortasse
850 1523 942 1576 quia
957 1522 1082 1575 cupio.
1110 1521 1187 1561 Sed
1201 1529 1332 1561 tamen

208 1583 331 1632 major
350 1582 466 1620 etiam
478 1593 537 1619 τω
557 1588 626 1629 est,
647 1592 766 1632 quam
781 1578 980 1618 facultates
999 1584 1154 1624 nostrae,
1173 1589 1333 1629 praeser-

207 1637 281 1675 tim
311 1635 522 1674 adversario
558 1643 596 1673 et
635 1633 775 1686 cupido
807 1640 844 1672 et
879 1632 1071 1684 locuplete
1101 1638 1140 1670 et
1169 1629 1332 1670 haerede.

210 1691 443 1731 Proximum
463 1698 532 1737 est,
561 1695 607 1727 ut
630 1689 746 1728 velim
768 1686 928 1728 Clodiae.
958 1685 1034 1725 Sed
1053 1685 1085 1724 si
1111 1685 1186 1724 ista
1202 1684 1334 1724 minus

210 1745 346 1785 confici
359 1752 530 1797 possunt,
558 1743 662 1782 effice
681 1742 846 1795 quidvis.
882 1741 972 1793 Ego
995 1752 1060 1779 me
1077 1741 1223 1790 majore
1244 1738 1335 1778 reli-

208 1800 339 1853 gione,
359 1812 479 1851 quam
506 1798 712 1851 quisquam
736 1797 811 1835 fuit
840 1795 959 1835 ullius
990 1794 1084 1843 voti,
1107 1793 1334 1834 obstrictum

213 1862 322 1908 puto.
361 1853 524 1893 Videbis
553 1853 668 1891 etiam
696 1850 986 1891 Trebonianos:
1016 1848 1086 1888 etsi
1108 1849 1249 1888 absunt
1265 1847 1336 1887 do-

212 1909 323 1948 mini.
352 1907 429 1948 Sed
455 1909 519 1960 (ut
536 1906 586 1946 ad
606 1915 643 1946 te
660 1907 744 1946 heri
762 1903 912 1958 scripsi)
938 1903 1192 1944 considerabis
1217 1901 1334 1942 etiam

213 1962 527 2008 deTusculan03
556 1973 606 2002 ne
623 1968 733 2002 astas
750 1959 908 2008 effluat3
937 1957 1043 2013 quod
1059 1965 1160 1999 certe
1180 1969 1260 1998 non
1277 1962 1334 1997 est

213 2016 549 2059 committendum.
