1477 2365
321 45 404 95 A'D
431 55 722 96 ATTICUM.
753 55 855 94 ιω.
877 55 953 94 111.
991 53 1049 93 ιο.
1195 54 1250 92 21>

128 160 224 203 Hora
253 163 369 203 etiam
401 165 559 216 cogitari
588 173 625 204 et
647 164 775 216 parari
800 163 989 203 videbam.
1019 162 1103 210 Me,
1132 175 1249 214 quem

126 218 300 257 nonnulli
319 227 617 257 conservatorem
637 219 746 257 istius
762 218 882 264 urbis,
900 230 1015 269 quem
1034 224 1247 268 parentem,

128 285 207 310 esse
224 272 417 321 dixerunt,
439 273 641 319 Getarum,
663 281 699 311 et
717 273 1010 318 Armeniorum,
1033 279 1069 309 et
1087 270 1251 309 Colcho-

127 338 228 373 rum,
249 326 375 377 copias
399 326 447 364 ad
467 339 550 364 eam
581 326 767 365 adducere
784 329 801 365 ?
831 338 894 363 me
912 325 1007 363 meis
1028 325 1172 364 civibus
1191 325 1249 362 fa-

126 392 244 427 mem,
265 380 479 419 vastitatem
499 380 637 419 inferre
657 380 812 419 Italiae?

147 472 150 475 ,
178 433 312 482 Hunc,
327 435 512 486 primum,
534 435 735 472 mortalem
755 447 847 483 esse,
860 433 997 472 deinde
1014 433 1130 471 etiam
1145 433 1250 470 mul-

127 487 175 526 tis
193 487 316 526 modis
335 501 445 539 posse
463 489 670 540 exstingui,
686 489 897 539 cogitabam
918 503 928 526 :
946 489 1081 525 urbem
1101 495 1246 535 autem,

124 549 162 580 et
178 541 367 593 populum
391 550 563 580 nostrum
583 543 814 581 servandum
834 542 883 580 ad
902 541 1246 588 immortalitatem,

125 606 314 647 quantum
346 596 388 634 in
417 596 527 635 nobis
556 604 665 643 esset,
696 598 909 648 putabam3
943 604 980 634 et
1008 603 1137 633 tamen
1163 608 1248 646 spes

124 650 302 701 quaedam
320 663 384 688 me
402 652 637 698 obtentabat,
662 650 756 698 fore,
786 658 831 688 ut
856 650 1004 702 aliquid
1030 650 1246 687 conveniret

121 703 263 755 potius,
277 717 395 755 quam
414 712 481 742 aut
498 705 560 743 hic
574 712 727 742 tantum
743 704 907 754 sceleris,
927 713 994 742 aut
1013 703 1077 741 1118
1093 711 1245 741 tantum

125 757 273 809 flagitii,
294 758 524 798 admitteret.

131 822 139 830 ⁴
173 812 352 851 Aliarae
381 825 485 851 nunc
513 820 594 851 tota
623 820 692 861 est,
720 813 796 851 3113
818 825 928 851 mens
957 825 1056 851 mea.
1088 812 1155 851 Sol
1175 812 1240 863 (ut

121 872 177 905 est
193 866 235 904 in
253 865 320 904 tua
338 867 505 918 quddam
531 867 707 919 epistola)
735 867 916 905 excidisse
941 866 1039 904 mihi
1058 879 1078 904 e
1096 866 1245 904 mundo

121 920 279 961 videtur.
312 921 382 970 Ut,
404 929 544 973 aegroto
557 922 652 959 (111111
664 921 793 959 anima
806 929 874 969 est,
889 934 973 972 spes
990 934 1068 959 esse
1083 920 1243 965 dicitur;

121 974 173 1012 sic
192 987 276 1035 ego,
296 976 424 1027 quoad
448 976 656 1027 Pompeius
679 976 720 1013 in
747 976 864 1014 Italia
887 975 977 1023 fuit,
999 988 1148 1026 sperare
1166 987 1246 1012 non

119 1007 244 1066 desti}>
234 1041 258 1065 1.
297 1029 416 1092 Haec,
429 1030 510 1068 haec
535 1043 599 1068 me
624 1030 864 1068 fefellerunt:
897 1037 934 1067 et
954 1031 1017 1080 (ut
1035 1042 1167 1066 verum
1189 1029 1247 1066 lo-

118 1080 234 1133 quar)
267 1091 370 1131 aetas,
400 1085 484 1133 jam
516 1097 540 1122 3
569 1083 760 1122 diuturnis
790 1084 986 1122 laboribus
1018 1083 1163 1121 devexa
1196 1082 1246 1120 ad

117 1134 256 1185 Otium,
276 1137 571 1176 domesticarum
591 1150 654 1176 me
676 1151 806 1176 rerum
828 1138 986 1176 delecta
977 1137 1076 1176 done
1090 1136 1244 1175 molliit.

118 1190 253 1240 Nunc,
283 1191 316 1229 si
345 1192 406 1230 iel
435 1192 607 1244 periculo
638 1191 914 1243 experiendmn
947 1192 1030 1239 erit,
1071 1191 1246 1242 experiar

117 1252 230 1293 certe,
255 1252 300 1283 ut
324 1245 415 1283 hinc
441 1245 603 1284 avolem.
645 1249 752 1283 Ante
775 1246 943 1296 oportuit
965 1246 1146 1283 fortasse:
1178 1244 1245 1283 sed

117 1304 175 1347 ca,
196 1312 284 1352 quae
302 1299 447 1351 scripsi,
467 1312 531 1338 me
551 1299 765 1347 tardarunt,
787 1307 824 1337 et
844 1300 1047 1338 auctoritas
1071 1299 1245 1337 maxime

116 1359 195 1391 tua.
225 1354 347 1402 Nam,
357 1367 447 1392 cum
459 1353 508 1391 ad
521 1354 625 1392 hunc
643 1354 772 1392 locum
784 1353 986 1401 venissem,
998 1353 1242 1391 8101111010-

116 1418 205 1445 men
221 1407 467 1459 epistolarum
486 1416 657 1455 tuarum,
679 1408 784 1459 quod
803 1421 873 1459 ego
888 1409 959 1446 sub
980 1408 1088 1459 signo
1101 1408 1240 1454 habeo,

115 1474 297 1513 servoque
319 1462 622 1513 diligentissime.
652 1463 750 1500 Erat
775 1462 894 1513 igitur
919 1463 959 1499 in
980 1463 1038 1511 ea,
1060 1474 1179 1513 quam
1198 1462 1241 1500 X

117 1514 275 1554 Calend.
299 1516 500 1555 Februarii
530 1517 700 1565 dederas,
729 1516 802 1555 hoc
820 1516 960 1555 modo:
993 1520 1022 1538 ‘'-
1044 1516 1119 1555 Sed
1138 1515 1246 1554 vide-

112 1574 238 1618 mnus,
259 1578 297 1608 et
308 1570 449 1608 Cnaeus
468 1571 563 1622 quid
581 1579 683 1622 agat,
697 1577 734 1608 et
752 1570 856 1609 illius
874 1571 1038 1609 rationes
1057 1582 1242 1622 quorsum

112 1623 245 1662 fluant.
286 1624 406 1673 Quod
430 1624 461 1662 si
489 1625 559 1663 iste
589 1625 746 1663 Italiam
776 1625 992 1677 relinquet3
1021 1624 1135 1664 faciet
1157 1637 1243 1662 om-

112 1677 204 1716 nino
221 1679 336 1728 male,
357 1686 408 1727 et,
427 1687 472 1717 ut
490 1692 560 1730 ego
579 1679 771 1726 existimo,
795 1687 1017 1725 αλογιστως.
1058 1679 1134 1717 Sed
1155 1686 1242 1716 tum

112 1731 270 1770 demum
301 1733 457 1771 consilia
489 1743 619 1772 nostra
651 1732 924 1772 commutanda
951 1733 1104 1771 erunt.”
1153 1733 1244 1770 Hoc

111 1786 242 1825 scribis
266 1794 352 1838 post
375 1787 478 1824 diem
507 1795 690 1839 quartum
719 1800 839 1839 quam
864 1789 912 1825 ab
932 1789 1040 1826 Urbe
1066 1786 1240 1825 discessi-

109 1851 224 1887 mus;
255 1840 391 1879 deinde
409 1841 522 1880 VIII
545 1842 703 1881 Calend.
730 1841 972 1890 februarias,
995 1846 1024 1864 ‘⁶
1039 1842 1240 1879 Tantum-

111 1895 226 1933 modo
244 1895 385 1934 Cnaeus
409 1903 549 1943 noster,
576 1909 639 1941 ne,
664 1905 709 1934 ut
735 1896 882 1933 Urbem
914 1903 1125 1943 αλογιστως
1149 1895 1240 1933 1811-

115 1949 214 2002 quit,
234 1949 287 1988 sic
300 1949 456 1988 Italiam
475 1950 710 2002 relinquat.”

169 2003 321 2042 Eodem
349 2003 411 2042 die
443 2003 510 2042 das
540 2004 691 2052 alteras,
722 2004 865 2056 quibus
895 2003 994 2042 mihi
1025 2003 1239 2042 consulenti

117 2057 338 2109 planissime
356 2058 572 2109 respondes.
600 2059 674 2097 Est
694 2060 797 2097 enim
816 2058 893 2097 sic:
924 2062 953 2081 ⁴²
974 2058 1051 2097 Sed
1065 2057 1176 2096 venio
1194 2058 1244 2096 ad

119 2111 437 2150 consultationem
454 2119 576 2151 tuam.
614 2113 657 2152 Si
678 2112 820 2152 Cnaeus
842 2112 957 2151 Italia
976 2112 1088 2159 cedit,
1108 2112 1245 2150 inUr-

110 2166 199 2204 bem
233 2165 474 2205 redeundum
505 2174 628 2218 puto:
660 2180 748 2219 quiz
779 2167 883 2206 enim
908 2166 996 2205 finis
1021 2166 1242 2218 peregrina·
