1498 2401
260 109 337 147 162
433 106 516 146 AD
545 103 828 144 ATTmUM.
863 104 957 142 ιω.
978 102 1107 143 XIII.
1138 105 1213 148 31..

476 213 594 264 (30.)
633 211 846 253 cronno
875 211 1099 252 ATTICO
1126 214 1169 254 s.
1207 235 1210 238 «
1290 234 1296 238 Α

317 323 511 364 Ciceronis
531 323 732 375 epistolam
745 321 817 361 tibi
835 320 975 360 remisi.
1005 320 1044 361 Ο
1063 328 1101 359 te
1118 320 1302 372 ferreum,
1319 322 1388 376 qui

263 380 370 418 illius
402 378 579 431 periculis
611 389 689 416 non
716 375 907 415 moveris!
945 375 1018 414 Me
1041 388 1196 427 quoque
1221 385 1387 417 accusat.

266 436 370 473 Eam
403 433 473 471 tibi
501 431 701 483 epistolam
727 430 942 468 misissem:
973 442 1066 468 nam
1090 429 1200 468 illam
1224 431 1386 472 alteram

265 489 314 528 de
332 489 445 526 rebus
464 486 579 538 gestis
594 486 728 525 eodem
748 484 925 535 exemplo
943 491 1051 535 puto.

323 543 374 580 In
390 541 613 580 Cumanum
625 539 739 578 hodie
750 538 839 577 misi
849 538 1105 576 tabellarium.
1133 537 1188 577 Ei
1200 538 1290 578 dedi
1300 546 1388 580 tuas

269 596 319 636 ad
337 595 576 643 Vestorium,
596 607 694 646 quas
712 592 904 631 Pharnaci
928 592 1098 631 dederas.
1127 592 1391 634 Commodum

269 651 320 689 ad
337 658 375 689 te
388 650 569 688 miseram
587 648 794 695 Demeam,
815 659 905 685 cum
919 646 1018 684 Eros
1030 646 1081 685 ad
1093 659 1158 686 me
1168 647 1286 686 venit.
1315 648 1393 689 Sed

267 705 309 743 in
327 703 410 754 ejus
439 702 599 755 epistola
623 701 722 740 nihil
744 708 824 739 erat
848 701 952 749 novi,
979 700 1067 749 nisi,
1094 701 1312 740 auctionem
1332 703 1392 742 bi.

268 759 404 797 duum.
437 758 505 796 Ab
525 757 571 796 ea
589 756 722 808 igitur,
742 763 787 793 ut
806 754 961 794 scribis:
992 761 1030 793 et
1047 755 1202 804 vellem,
1222 755 1393 796 confecto

271 813 423 865 negotio
442 811 655 850 Faberiano
673 825 682 848 ε
714 822 831 861 quem
844 808 1001 860 quidem
1016 816 1132 860 negat
1141 809 1244 848 Eros
1252 809 1366 850 hodie
1378 825 1391 850 z

272 881 353 906 cras
382 878 497 904 mane
528 872 652 916 putat.
692 864 734 901 A
764 871 802 901 te
831 862 1012 901 colendus
1044 870 1113 902 est.
1141 863 1234 902 Istae
1264 872 1397 905 autem

275 928 466 959 κολακειαι
486 931 563 957 non
587 919 700 968 longe
719 918 859 956 absunt
887 929 910 955 a
929 917 1080 956 scelere.
1110 917 1186 966 Te,
1205 924 1251 956 ut
1269 931 1393 970 spero,

271 974 462 1027 perendie.
493 972 613 1019 Mihi,
635 971 792 1010 sicunde
819 978 941 1022 poteS‚
961 984 1083 1019 erues,
1104 970 1173 1024 qui
1191 970 1322 1011 decem
1339 973 1396 1012 le·

271 1029 351 1080 gati
371 1027 570 1066 Mummio
595 1026 749 1064 fuerint.
777 1025 965 1076 Polybius
992 1037 1070 1064 non
1093 1025 1278 1064 nominat.
1307 1026 1399 1079 Ego

274 1082 435 1120 memini
464 1081 658 1119 Albinum
689 1079 941 1128 consularem,
971 1086 1009 1118 et
1038 1080 1106 1131 Sp.
1135 1079 1395 1121 Mummium.

274 1137 420 1175 Videor
447 1135 599 1174 audisse
629 1147 677 1172 ex
702 1134 923 1182 Hortensio,
945 1133 1217 1173 Tuditanum:
1246 1134 1328 1184 sed,
1353 1136 1395 1175 in

275 1191 435 1229 Libonis
465 1189 608 1237 annali,
639 1188 748 1227 XIV
781 1188 889 1226 annis
915 1195 1002 1240 post
1027 1195 1168 1240 praetor
1191 1195 1249 1227 est
1271 1188 1395 1230 factus

273 1245 508 1292 Tuditanus,
530 1256 649 1295 quam
664 1243 796 1282 consul
814 1241 1037 1280 Mummius
1054 1257 1064 1280 :
1094 1254 1172 1281 non
1191 1255 1282 1282 sane
1298 1256 1395 1296 qua-

273 1299 370 1337 drat.
400 1299 502 1338 Volo
520 1297 690 1350 aliquem
704 1296 916 1348 Olympiae,
929 1303 997 1334 aut
1010 1296 1078 1335 ubi
1093 1296 1233 1345 visum,
1253 1306 1397 1336 πολιτι.

275 1368 333 1390 κον
357 1359 548 1402 συλλογον,
568 1364 674 1391 more
692 1350 922 1399 Dieaearchi‚
942 1349 1142 1390 familiaris
1159 1350 1230 1390 tui.

487 1528 599 1576 (31.)
629 1525 842 1566 CICERO
870 1524 1092 1565 ATTICO
1121 1526 1163 1565 S.

328 1634 478 1683 Quinto
496 1635 581 1675 Cal.
600 1649 715 1676 mane
744 1635 872 1687 accepi
896 1647 919 1672 a
946 1634 1102 1673 Demea
1117 1634 1248 1675 literas
1274 1635 1399 1689 pridie

275 1688 398 1736 datas,
430 1702 478 1727 ex
497 1691 653 1742 quibus,
683 1700 750 1729 aut
773 1690 886 1729 hodie
909 1696 977 1728 aut
1004 1701 1086 1728 cras
1113 1696 1152 1728 te
1178 1698 1397 1742 exspectare

276 1742 465 1781 deberem.
506 1745 597 1792 Sed,
629 1752 674 1783 ut
703 1745 852 1796 opinor,
879 1743 984 1782 idem
1014 1756 1099 1795 ege,
1126 1743 1196 1795 qui
1219 1753 1398 1798 exspecto

274 1804 389 1834 tuum
413 1797 637 1846 adventum,
665 1800 842 1837 morabor
871 1805 932 1838 te:
963 1809 1041 1835 non
1066 1797 1169 1836 enim
1195 1805 1293 1850 puto
1315 1806 1397 1838 tam

274 1850 498 1903 expeditum
518 1852 776 1891 Faberianum
801 1852 1000 1904 negotium
1017 1851 1210 1901 futurum,
1230 1852 1347 1892 etiam
1363 1853 1398 1893 si

275 1912 332 1943 est
348 1904 542 1956 futurum,
562 1914 606 1945 ut
626 1920 703 1946 non
721 1908 861 1946 habeat
878 1905 1027 1958 aliquid
1044 1918 1174 1946 morae.
1203 1906 1310 1946 Cum
1326 1919 1398 1960 po-

274 1959 364 1997 teris
385 1959 517 2010 igitur,
539 1962 722 2013 quoniam
740 1960 954 2000 etiamdum
970 1961 1073 1999 abae.

331 2013 544 2053 Diczfflrchi
575 2028 672 2067 quos
709 2015 840 2055 scribis
867 2015 1000 2064 fibroe,
1033 2027 1125 2054 sane
1152 2015 1269 2055 velim
1299 2015 1398 2056 mihi

277 2067 410 2106 mittas
427 2083 438 2106 τ
468 2068 584 2108 addas
603 2070 718 2108 etiam
739 2068 1003 2112 Καταέασεως.

334 2122 396 2160 De
429 2122 586 2175 epistolii
614 2124 663 2162 ad
704 2124 910 2172 Caesarem,
946 2121 1169 2176 [neupmoez]
1208 2131 1326 2177 atque
1355 2123 1398 2163 id

276 2177 421 2226 ipsum,
442 2178 546 2229 quod
564 2177 627 2216 isti
646 2178 756 2216 aiunt
774 2177 888 2216 sslum
906 2176 1080 2225 scribere,
1093 2191 1148 2226 se,
1166 2177 1241 2218 msi
1258 2184 1400 2218 oenstz-
1462 2209 1463 2215 ,

275 2230 368 2269 tutis
388 2233 514 2279 rebus,
547 2245 624 2271 non
642 2232 789 2271 iturum
812 2232 852 2270 in
873 2231 1064 2278 Parthos3
1093 2230 1197 2272 idem
1221 2245 1293 2284 ego
1310 2245 1400 2272 sun-
1462 2246 1464 2270 }
1487 2258 1498 2284 =
