1477 2365
250 126 302 163 26
448 126 532 164 AD
556 125 839 165 ATTICUM.
870 126 966 164 Lm.
988 125 1063 164 IX
1095 126 1156 164 12.

247 233 382 284 populi
413 235 582 273 Romani
610 234 792 273 beneficio
817 246 1051 281 concessum,
1077 232 1223 272 inimici
1247 239 1376 284 atque·

248 286 368 325 invidi
386 288 606 327 niterentur.
636 288 725 335 Sed,
745 295 789 326 ut
807 301 851 327 eo
870 296 1038 350 tempore
1056 299 1134 326 non
1151 286 1294 326 modo
1283 299 1366 337 lpse

249 339 376 380 fautor
393 342 588 393 dignitatis
607 350 683 381 tuae
700 343 772 390 fui,
788 354 920 380 verum
940 342 1054 380 etiam
1073 340 1215 380 caeteris
1233 349 1365 378 auctor

251 394 301 432 ad
326 403 364 433 te
388 396 680 445 adjuvandum3
709 397 761 434 518
785 409 848 434 1118
873 409 976 434 1111118
996 394 1171 446 Pompeii
1200 393 1366 445 dignitas

249 448 491 487 vehementer
518 458 656 488 movet.
699 450 864 501 Aliquot
893 450 995 487 enim
1019 458 1109 487 sunt
1138 448 1243 496 anni,
1274 460 1365 485 cum

248 513 316 540 vos
344 503 420 541 duo
449 503 585 554 delegi,
620 516 716 564 quos
742 504 932 564 praecipue
957 504 1132 551 colerem,
1161 509 1198 540 et
1222 502 1365 554 quibus

249 567 385 602 essem,
406 556 501 595 sicut
520 570 622 605 sum,
642 558 904 596 amicissimus.

305 612 334 633 “
354 611 633 658 Quamobrem
650 625 672 649 a
690 618 727 649 te
745 620 846 672 peto,
867 611 927 649 vel
944 610 1070 662 potius
1087 609 1264 648 omnibus
1278 621 1367 660 pre-

251 662 356 701 cibus
388 677 453 702 oro
479 672 515 702 et
545 667 722 711 obtestor,
741 672 786 702 ut
810 665 851 702 in
879 665 955 702 tuis
979 664 1159 702 maximis
1178 663 1277 702 curis
1295 663 1365 700 ali-

248 718 343 768 quid
360 718 553 768 impertias
579 718 758 770 temporis
782 719 872 757 huic
898 731 1050 779 quoque
1068 717 1300 768 cogitationi,
1321 723 1367 754 ut

249 777 316 808 tuo
333 772 513 810 beneficio
532 774 655 810 bonus
672 773 741 819 vir,
764 780 907 823 gratus,
928 773 1015 823 pius
1033 771 1198 823 denique
1217 784 1309 818 esse,
1325 770 1365 807 in

248 825 411 863 maximi
429 826 600 864 beneficii
626 827 826 874 memoria,
853 826 1006 877 possim.
1039 825 1141 872 Quae
1163 825 1194 863 si
1212 832 1364 863 tantum

250 878 299 916 ad
318 891 380 917 me
404 879 533 930 ipsum
561 880 804 931 pertinerent,
834 891 1023 930 sperarem
1050 891 1113 916 me
1140 892 1164 916 a
1181 886 1219 916 te
1236 885 1367 916 tamen

249 932 570 983 impetraturum:
603 933 668 972 sed
693 937 753 975 (ut
779 931 956 981 arbitror)
977 940 1014 970 et
1038 931 1088 970 ad
1115 938 1223 969 tuam
1250 931 1367 969 fidem

250 994 288 1024 et
302 986 351 1023 ad
369 999 450 1024 rem
468 987 662 1037 publicam
677 988 853 1038 pertinet,
868 999 931 1024 me
950 999 970 1024 e
988 985 1134 1037 paucis,
1155 993 1193 1023 et
1206 985 1255 1024 ad
1273 985 1369 1023 utri-

252 1052 374 1091 usque
402 1044 568 1078 vestrum
601 1048 638 1078 et
670 1040 718 1078 ad
755 1040 896 1079 civium
933 1039 1187 1088 concordiam,
1217 1052 1285 1092 per
1314 1046 1366 1088 te,

252 1106 370 1144 quam
390 1094 839 1141 accommodatissimum,
860 1093 1082 1132 conservari.

307 1150 335 1169 “
348 1147 449 1198 Ego,
470 1161 558 1186 cum
578 1155 688 1186 antea
700 1148 769 1186 tibi
787 1147 834 1186 de
848 1148 1015 1186 Lentulo
1037 1146 1176 1198 gratias
1194 1146 1367 1198 egissem,

252 1213 340 1238 cum
360 1201 394 1239 ei
413 1201 540 1249 saluti,
562 1202 629 1254 qui
647 1202 744 1239 1111111
768 1202 905 1248 fuerat,
934 1201 1098 1246 fuisses3
1129 1208 1272 1249 tamen,
1292 1201 1370 1239 188-

253 1254 300 1292 tis
320 1255 402 1303 ejus
386 1254 546 1303 diteris,
563 1269 658 1307 quas
670 1255 718 1294 ad
736 1269 799 1294 me
811 1255 1023 1316 gratissimo
1034 1255 1162 1293 animo
1174 1255 1221 1293 de
1239 1253 1306 1293 tua
1323 1255 1371 1292 li-

251 1309 446 1346 beralitate
464 1309 723 1370 beneficioque
741 1309 859 1356 misit,
880 1309 1053 1347 eamdem
1071 1321 1136 1347 me
1165 1309 1326 1347 salutem
1345 1322 1369 1346 a.

253 1369 291 1399 te
310 1362 495 1413 accepisse
513 1363 660 1414 putavi,
680 1376 798 1414 quam
816 1363 908 1401 1118.
933 1362 974 1401 111
993 1375 1109 1414 quem
1129 1363 1160 1401 si
1177 1375 1241 1400 me
1258 1363 1371 1401 intel-

254 1415 341 1476 11815
360 1429 439 1453 8558
458 1424 637 1478 gratum3
668 1430 772 1465 cura,
802 1419 968 1464 obsecro,
994 1423 1039 1455 ut
1056 1416 1171 1456 etiam
1189 1417 1230 1455 in
1252 1416 1371 1455 Pom-

253 1469 384 1520 peium
404 1482 482 1509 esse
500 1471 668 1522 possim'

476 1630 594 1683 (12.)
625 1631 837 1671 CICERO
863 1632 1086 1673 ATTICO
1113 1633 1154 1672 5.

310 1739 506 1790 Legebam
535 1746 620 1778 tuas
644 1740 771 1778 literas
790 1740 904 1778 XIII
923 1740 1125 1789 Calendas,
1155 1751 1245 1778 cum
1273 1738 1371 1777 mihi

257 1794 415 1845 epistola
433 1792 588 1831 affertur
606 1808 629 1832 a
647 1794 787 1845 Lepta,
807 1794 1136 1833 circumvallatum
1155 1805 1233 1831 esse
1251 1793 1371 1831 Potn-

255 1847 402 1898 peium,
422 1847 566 1884 ratibus
585 1848 699 1886 etiam
718 1847 842 1886 exitus
855 1850 986 1899 portus
1000 1848 1129 1886 teneri.
1159 1847 1253 1885 Non
1273 1849 1371 1890 (me-

256 1901 343 1939 dius
361 1900 490 1947 fidius)
518 1914 597 1951 prae
623 1902 802 1952 lacrymis
826 1899 982 1952 possum
1008 1902 1157 1953 reliqua
1180 1912 1250 1938 nec
1268 1899 1371 1950 cogi-

256 1961 350 2002 tare,
370 1967 439 1992 nec
464 1954 633 1993 scribere.
668 1955 764 1993 Misi
789 1955 839 1993 ad
864 1962 903 1994 te
930 1955 1165 2007 exemplum.
1204 1953 1370 1992 Miseros

253 2008 350 2046 nos!
383 2021 449 2046 eur
480 2020 557 2045 non
586 2020 718 2047 omnes
744 2009 868 2047 fatum
892 2009 996 2048 illius
1023 2008 1103 2047 una
1121 2007 1287 2046 exsecuti
1305 2019 1370 2045 su-

256 2073 344 2099 mus
359 2063 378 2100 9
420 2061 521 2100 Eece
550 2070 679 2100 autem
715 2076 738 2101 a
770 2062 897 2101 Matio
927 2070 966 2102 et
992 2061 1174 2101 Trebatio
1206 2060 1338 2099 eadem
1352 2074 1365 2098 =

252 2114 394 2166 quibus
411 2115 624 2154 Minturnis
643 2116 745 2154 obvii
759 2116 919 2155 Caesaris
937 2115 1136 2155 tabellarii.
1168 2115 1370 2165 Torqueor

256 2168 405 2217 infelix,
438 2176 484 2207 ut
508 2170 592 2218 jam
614 2169 726 2208 illum
746 2169 979 2209 Mucianum
1004 2170 1150 2208 exitum
1177 2174 1367 2219 exoptem.

254 2222 312 2260 At
331 2234 450 2274 quam
475 2223 646 2270 honesta,
671 2230 709 2263 at
732 2236 849 2275 quam
874 2223 1064 2275 expedita,
1091 2229 1158 2262 tua
1183 2220 1336 2261 consilia
1353 2219 1370 2256 !-

1474 1924 1477 2006 4

1471 2009 1477 2105 1

1469 2108 1477 2365 ἒ
