1467 2401
362 89 444 128 AD
472 88 757 128 ATTICUM.
787 88 889 128 LIB.
918 89 973 128 X.
1004 89 1041 127 8.
1219 90 1272 129 49

143 197 263 237 nandi
291 197 482 238 contentio
513 205 596 244 est3
626 198 668 236 in
700 197 781 250 qu‘a
809 198 945 249 pulsus
978 204 1034 236 aet
1064 197 1273 236 modestior

142 265 225 301 rex,
257 261 294 291 et
321 253 491 304 probior,
527 260 564 290 et
592 252 790 303 integrior,
819 260 857 290 et
885 252 931 300 is,
953 252 1022 304 qui
1044 253 1118 291 nisi
1137 252 1270 301 vincit,

142 319 284 345 nomen
303 307 439 358 populi
458 307 630 345 Romani
648 307 822 345 deleatur
842 319 992 345 necesse
1011 314 1091 345 est:
1123 306 1182 345 sin
1201 320 1272 345 au-

139 368 219 400 tem
238 361 368 409 vincit,
389 361 550 400 Sullano
574 374 682 399 more
705 361 960 412 exemploque
979 361 1115 399 vincet.
1145 360 1269 412 Ergo,

139 415 211 454 hac
229 415 270 453 in
289 416 544 463 contentione,
558 423 742 453 neutrum
766 415 838 453 tibi
857 415 988 467 palam
1008 415 1266 463 sentiendum,

137 477 176 508 et
204 470 370 522 tempori
399 469 642 508 serviendum
669 478 736 508 est.
766 469 862 507 Mea
891 482 1005 507 causa
1029 477 1160 508 autem
1190 470 1268 508 ah‘a

137 530 208 572 est,
236 524 354 576 quod,
374 524 559 563 beneficio
580 524 747 572 vinctus,
770 524 946 574 ingratus
970 536 1050 562 esse
1078 536 1157 562 non
1177 537 1267 575 pos-

136 591 250 617 sum:
282 591 354 617 nec
384 586 514 617 tamen
539 579 581 616 in
610 578 703 625 acie,
731 578 797 617 sed
825 577 990 627 Melitae,
1023 586 1091 617 aut
1119 578 1195 617 alio
1224 578 1266 616 in

137 631 260 685 [loco]
282 632 400 672 simili
417 633 616 685 oppidulo,
637 632 815 671 futurum
834 639 943 683 puto.

189 687 317 737 Nihil,
336 687 503 740 inquies,
521 688 635 736 juvas
655 700 760 736 eum,
791 686 830 724 in
852 699 970 737 quem
990 687 1164 738 ingratus
1184 701 1265 726 esse

133 753 212 780 non
231 742 300 781 vis.
330 742 462 780 Immo
480 741 610 780 minus
629 741 786 780 fortasse
804 741 997 779 voluisset.
1029 742 1106 781 Sed
1125 742 1172 780 de
1191 742 1265 780 hoc

132 796 361 835 videbimus.
392 796 593 834 Exeamus
617 796 758 834 modo:
790 794 895 847 quod
923 802 968 833 ut
985 796 1144 835 meliore
1164 804 1261 835 tem—

130 863 223 901 pore
240 850 446 903 possimus,
470 850 562 889 facit
583 850 761 889 Adriano
790 849 890 888 mari
919 849 1140 899 Dolabella,
1167 850 1263 890 Fre-

129 905 227 943 tensi
247 905 377 944 Curio.

184 960 333 1010 Injecta
358 968 488 999 autem
516 959 614 998 mihi
640 973 725 1012 spes
751 959 930 1012 quaedam
957 967 1026 1008 est,
1054 959 1151 998 velle
1168 972 1262 1001 ‚me-

128 1026 220 1052 cum
239 1015 320 1053 Ser.
342 1014 559 1067 Sulpicium
579 1014 757 1066 colloqui.
785 1014 856 1052 Ad
876 1027 965 1052 eum
985 1014 1074 1052 misi
1093 1014 1259 1052 Philoti-

126 1080 238 1107 mum
257 1069 440 1108 libertum
453 1082 542 1107 cum
556 1069 688 1107 literis.
719 1069 761 1108 Si
779 1068 837 1107 vir
852 1082 930 1107 esse
944 1069 1059 1116 volet,
1075 1069 1259 1120 praeclara

129 1122 293 1161 συνοδια·
324 1124 384 1162 sin
399 1131 558 1169 autem,
588 1123 730 1161 erimus
744 1136 829 1172 nos,
843 1136 912 1175 qu1
923 1124 1104 1161 solemus
1137 1122 1261 1162 Curio

125 1187 280 1215 mecum
299 1178 410 1226 vixit,
439 1179 563 1227 jacere
583 1177 775 1216 Caesarem
800 1185 942 1229 putans
961 1177 1168 1216 offensione
1186 1190 1259 1229 po-

124 1231 266 1282 pulari,
299 1232 515 1285 Siciliaeque
547 1231 739 1281 diffidens,
770 1232 802 1271 si
833 1232 1046 1284 Pompeius
1075 1232 1258 1284 navigare

122 1297 178 1325 0oe
205 1285 306 1325 isset.

177 1298 373 1388 {Quintum
404 1355 571 1394 puerum
597 1342 723 1403 accepi
749 1341 1005 1380 vehementer.
1036 1340 1253 1379 Avaritiam

122 1394 234 1434 video
251 1395 384 1445 fuisse,
405 1404 443 1435 et
462 1409 570 1448 spem
591 1396 725 1448 magni
739 1395 933 1447 congiarii.
964 1395 1162 1446 Magnum
1181 1395 1256 1434 hoc

121 1449 272 1488 malum
309 1459 389 1489 est:
421 1451 488 1490 sed
525 1451 647 1490 scelus
685 1450 799 1499 illud,
838 1449 943 1511 quod
980 1450 1251 1497 timueramus,

119 1515 230 1556 spero
260 1506 416 1544 nullum
445 1505 577 1544 fuisse.
618 1505 707 1544 Hoc
737 1513 867 1544 autem
897 1504 1052 1552 vitium,
1087 1512 1182 1556 puto
1216 1511 1254 1543 te

118 1558 350 1609 existimare,
370 1572 449 1599 non
468 1560 599 1599 nostra
616 1559 873 1611 indulgentia,
895 1559 961 1597 sed
974 1572 997 1597 a
1008 1558 1145 1597 natura
1163 1571 1253 1611 pro·

116 1612 263 1652 fectum
279 1628 291 1652 t
322 1627 438 1666 quem
458 1622 588 1654 tamen
607 1628 677 1653 nos
695 1614 898 1666 disciplina
917 1614 1098 1665 regimus.

172 1666 236 1706 De
256 1667 398 1721 Oppiis
418 1670 663 1708 Veliensibus
691 1669 785 1721 quid
807 1669 970 1720 placeat,
992 1680 1083 1706 cum
1114 1668 1251 1707 Philo-

119 1721 216 1761 timo
226 1723 384 1762 videbis.
414 1724 583 1776 Epirum
599 1732 773 1763 nostram
791 1724 1018 1776 putabimus
1034 1737 1045 1761 ι
1076 1723 1143 1762 sed
1157 1722 1252 1762 alios

115 1788 248 1817 cursus
267 1777 494 1818 videbamur
510 1778 693 1818 habituri.

351 1942 442 1995 (8.)
473 1941 690 1983 CICERO
717 1942 938 1983 ATTICO
968 1943 1009 1982 S.

167 2050 222 2089 Et
240 2065 298 2091 res
317 2052 402 2104 ipsa
418 2055 617 2102 monebat,
633 2060 671 2092 et
685 2060 729 2091 tu
749 2052 981 2100 ostenderas,
1002 2060 1040 2091 et
1054 2065 1124 2103 ego
1139 2051 1246 2090 vide-

110 2104 217 2153 bam,
238 2106 313 2145 de
303 2107 349 2146 1is
367 2109 481 2146 rebus
503 2107 641 2160 [quas]
662 2108 838 2160 intercipi
851 2108 1111 2160 periculosum
1131 2114 1244 2151 esset,

109 2158 228 2197 finem
245 2161 345 2200 inter
362 2174 432 2201 nos
451 2163 640 2201 scribendi
654 2162 737 2201 fieri
751 2170 906 2214 tempus
925 2175 1016 2200 esse.
1047 2161 1138 2208 Sed,
1151 2173 1242 2199 cum

109 2213 159 2252 ad
178 2225 242 2253 me
271 2229 371 2268 saepe
388 2229 477 2256 mea
496 2217 632 2256 Tullia
658 2217 812 2265 scribat,
833 2229 960 2265 orans,
991 2224 1049 2263 ut,
1077 2215 1173 2267 quid
1200 2214 1241 2253 in

165 2269 334 2320 (Epiffst)
357 2283 385 2310 x
391 2283 559 2310 0L.111.
934 2283 959 2308 1
