1498 2401
220 55 301 94 262
401 55 485 95 AD
515 55 808 117 AfrTlcUM.
838 57 944 120 Lin-
958 56 1079 97 XVI.
1099 58 1177 96 ⁴16.

217 163 322 215 enim
353 164 529 216 quisque,
561 165 673 204 debet
711 165 833 205 tueri:
865 165 1017 214 deinde,
1055 164 1087 204 si
1124 177 1188 203 me
1224 177 1347 213 amas,

215 218 371 269 (omitte
390 218 586 270 Atticum)
612 219 788 259 Ciceroni
805 227 874 260 tuo
900 223 1036 272 (quem
1062 218 1199 272 quanti
1216 219 1347 267 facias,

214 285 297 323 prae
316 279 353 311 te
372 273 470 312 solas
486 273 603 326 ferre)
624 281 751 313 totum
780 274 854 314 hoc
882 274 946 323 da,
977 281 1038 322 ut,
1062 273 1168 326 quod
1199 286 1349 325 semper

216 326 448 377 existimavi,
468 340 573 368 nunc
598 329 714 381 plane
732 329 964 382 intelligam,
985 341 1050 367 me
1068 341 1092 366 a
1119 334 1157 367 te
1174 328 1347 367 multum

218 381 353 419 amari.

274 437 302 457 “
320 436 547 476 Buthrotios
562 451 652 477 cum
665 437 794 477 Caesar
805 437 955 477 decreto
970 450 1055 486 suo,
1072 436 1178 490 quod
1196 449 1267 488 ego
1280 437 1349 475 ob-

218 487 368 541 signavi
398 504 488 529 cum
519 493 653 531 multis
683 492 931 544 amplissimis
964 492 1068 540 viris,
1099 491 1348 537 liberavisset,

216 543 518 597 ostendissetque
548 547 672 596 nobis,
701 559 754 595 se,
775 559 866 586 cum
886 546 1024 598 agrarii
1053 558 1161 585 mare
1190 546 1352 584 transis-

216 606 317 648 sent,
342 599 471 638 literas
501 600 727 650 missurum,
753 614 870 653 quem
888 600 929 638 in
947 613 1084 653 agrum
1119 599 1353 639 deduceren-

217 659 307 699 tur;
337 653 487 702 accidit,
509 663 553 693 ut
571 656 698 695 subito
727 655 792 694 ille
806 655 989 694 interiret.
1019 654 1188 704 Deinde,
1209 666 1349 707 quem-

217 681 430 748 adniodum
467 716 510 747 tu
549 710 634 759 scis,
662 709 885 754 (interfuisti
915 709 1035 756 enim,
1059 721 1150 748 cum
1178 708 1352 748 consules

219 769 410 814 oporteret
425 776 473 801 ex
488 767 660 803 senatus·
661 764 835 803 consulto
846 763 894 802 de
907 763 1000 803 actis
1018 761 1180 803 Caesaris
1194 775 1354 814 cognos-

218 824 319 864 cere)
339 829 397 855 res
416 817 494 856 ab
484 817 530 856 115
549 818 590 856 111
611 818 695 858 Cal.
715 818 858 857 Junias
876 817 997 857 dilata
1015 824 1084 857 aet.
1114 816 1352 857 Accaesitad

219 873 389 909 senatus·
391 872 610 911 consultum
628 873 708 922 leX,
740 885 828 925 quae
856 872 936 911 lata
961 879 1018 912 est
1036 885 1071 910 3.
1095 871 1135 910 d.
1153 871 1217 911 IV
1245 871 1352 910 Non.

220 924 252 963 J
254 937 390 971 umas
420 939 508 977 quae
526 926 590 966 lex
616 939 750 966 earum
769 939 914 975 rerum,
935 940 1032 980 quas
1053 925 1185 967 Caesar
1202 925 1355 965 statuis-

220 986 291 1071 get,
319 979 557 1031 decrevisset,
588 981 740 1034 egisset,
760 981 983 1021 consulibus
1012 981 1271 1034 cognitionem
1289 979 1357 1018 de-

264 1040 280 1071 t

282 1090 312 1110 “
335 1087 466 1129 Causa
502 1090 803 1130 Buthrotiorum
833 1089 961 1130 delata
998 1097 1055 1130 est
1090 1089 1141 1129 ad
1173 1088 1359 1129 consules.

226 1141 440 1182 Decretum
461 1144 623 1184 Caesaris
652 1146 854 1184 recitatum
884 1151 954 1194 est,
978 1152 1016 1183 et
1040 1145 1157 1183 multi
1174 1151 1358 1196 praeterea

226 1196 349 1237 libelli
369 1198 532 1238 Caesaris
550 1199 701 1251 prolati.
733 1198 939 1248 Consules,
968 1198 1017 1238 de
1040 1198 1189 1238 consilii
1207 1203 1358 1237 senten-

223 1251 294 1298 tia,
334 1252 584 1293 decreverunt
622 1254 836 1294 secundum
867 1253 1123 1301 Buthrotios3
1166 1252 1357 1292 Plancum

224 1305 424 1345 dederunt.

281 1363 309 1384 ‘⁶
331 1362 465 1411 Nunc,
492 1362 548 1401 mi
568 1362 723 1415 Capito,
741 1362 837 1416 (scio
856 1362 976 1409 enim,
996 1369 1187 1415 quantum
1207 1373 1358 1414 semper

223 1415 330 1467 apud
349 1428 429 1463 eos,
449 1417 682 1468 quibuscum
702 1418 766 1467 sis,
786 1430 896 1469 posse
922 1416 1056 1466 soleas,
1077 1429 1122 1456 eo
1139 1416 1229 1469 plus
1254 1415 1360 1468 apud

223 1468 424 1508 hominem
437 1469 667 1510 facillimum
679 1479 796 1524 atque
807 1470 1135 1510 humanissimum
1148 1471 1359 1518 Plancum)

222 1523 380 1572 enitere,
401 1525 568 1573 elabora,
589 1526 649 1564 vel
655 1527 793 1588 ‘potius
812 1524 1023 1574 eblandire,
1045 1525 1166 1574 effice,
1180 1532 1225 1563 ut
1239 1524 1360 1563 Plan-

225 1590 308 1626 cus,
325 1591 442 1631 quem
457 1593 566 1631 spero
585 1581 778 1632 optimum
791 1592 885 1630 esse,
899 1580 948 1618 sit
959 1579 1075 1618 etiam
1088 1579 1225 1618 melior
1242 1578 1361 1631 opera

226 1633 309 1670 1113.
336 1633 511 1672 Omnino
542 1647 601 1673 1·oe
631 1633 857 1684 hujusmodi
889 1634 1040 1673 videtur
1077 1647 1172 1683 5555,
1200 1640 1245 1673 ut
1277 1632 1360 1672 sine

224 1687 455 1739 cujusquam
482 1689 606 1740 gratia
626 1689 823 1728 Plancus
813 1701 908 1741 lpse,
929 1701 1004 1750 pro
1020 1687 1175 1740 ingenio
1204 1694 1242 1727 et
1265 1700 1360 1740 pru-

226 1739 358 1780 dentia
377 1755 461 1790 sua,
481 1754 560 1782 non
578 1743 628 1782 sit
646 1743 908 1792 dubitaturus,
939 1742 1035 1794 quin
1054 1743 1250 1781 decretum
1269 1753 1360 1781 con-

224 1796 356 1834 sulum
376 1799 576 1848 (quorum,
598 1804 635 1836 et
654 1798 738 1849 lege
758 1804 796 1836 et
815 1797 1174 1845 senatus-consulto,
1195 1796 1362 1848 cognitio

225 1856 263 1887 et
270 1849 463 1900 ι1111115111111
483 1851 574 1900 fuit)
595 1859 815 1897 conservet;
846 1851 1059 1903 praesertim
1078 1864 1184 1900 cum,
1204 1851 1277 1889 hoc
1290 1863 1358 1902 ge·

223 1915 313 1942 nere
336 1905 599 1956 cognitionum
625 1906 867 1955 labefactato,
889 1913 974 1944 acta
994 1904 1159 1946 Caesaris
1185 1906 1225 1943 in
1245 1905 1359 1944 dubi-

222 1970 293 1996 um
312 1969 475 1998 ventura
503 1959 732 1998 videantur.
763 1973 852 2012 quae
882 1972 959 1998 non
988 1960 1104 1998 modo
1134 1960 1162 1998 11
1191 1971 1359 2011 quorum

225 2011 396 2063 interest,
417 2013 485 2052 sed
504 2014 622 2053 etiam
640 2014 668 2052 ii
688 2014 757 2067 qui
775 2014 844 2053 illa
861 2026 939 2053 non
958 2015 1137 2066 probant,
1158 2014 1226 2053 otii
1244 2026 1360 2052 531153

225 2067 448 2106 confirmari
467 2068 598 2107 velint.
633 2068 753 2117 Quod
772 2081 862 2107 cum
888 2068 942 2107 ita
962 2069 1025 2116 sit,
1055 2076 1185 2108 tamen
1204 2068 1361 2107 interest

224 2121 373 2172 nostra,
393 2122 586 2162 Plancum
616 2123 689 2162 hoc
719 2123 851 2162 animo
878 2122 1014 2162 libenti
1046 2123 1276 2175 prolixoque
1303 2121 1362 2161 fa-

227 2187 338 2215 cere:
370 2177 477 2229 quod
509 2185 609 2218 certe
640 2176 766 2227 faciet,
787 2177 821 2217 si
851 2184 894 2217 tu
921 2177 1100 2217 nervulos
1133 2184 1234 2225 tuos,
1264 2175 1362 2215 mihi
