1467 2401
197 99 250 135 58
415 97 498 136 AD
526 95 812 137 ATTICUM.
841 96 942 136 1113.
962 96 1016 135 X.
1039 95 1102 135 11.

196 210 364 244 traturus
383 205 447 254 sis,
467 219 558 245 cum
582 206 794 258 praesertim
817 212 856 244 te
884 204 1062 244 amicitiae
1086 209 1225 242 nostrae
1255 214 1318 241 ra-

197 258 340 297 tionem
359 260 583 299 habiturum
596 273 674 299 esse
691 259 948 312 pouicearis.”

250 366 384 407 Habae
403 376 590 414 σκυταλην
609 375 830 412 Λακωνικην.
860 367 1034 407 Omnino
1046 364 1235 417 excipiam
1247 364 1318 403 ho-

194 420 352 459 minem.
389 422 487 460 Erat
516 430 647 462 autem
673 423 713 461 V
745 422 851 460 Non.
883 428 1067 460 ventuius
1095 418 1257 471 vesperi,
1275 417 1318 456 id

194 483 251 513 est
268 475 393 514 hodie.
424 476 518 515 Cras
536 477 654 528 igitur
673 476 723 514 ad
747 489 810 514 me
827 476 985 515 fortasse
1003 473 1141 513 veniet.
1169 473 1318 512 Tenta-

193 530 258 576 bo,
288 528 352 580 [ac
371 530 510 579 dicam,
535 533 618 583 me]
647 531 745 568 nihil
766 543 995 582 properare3
1025 528 1237 567 missurum
1265 525 1316 565 ad

193 583 404 623 Caesarem:
422 585 521 623 clam
535 585 599 624 ibo
613 599 623 622 ε
646 598 733 623 cum
747 584 984 636 paucissimis
996 581 1137 622 alicubi
1150 580 1318 620 occultae

191 638 288 681 bort
333 647 430 677 certe
461 639 565 687 hinc,
597 639 678 677 istis
707 638 958 688 invitissimis,
989 637 1162 682 evolab0‚
1201 642 1317 687 atque

193 691 344 730 utinam
374 693 424 730 ad
453 693 676 742 Curionem,
701 708 761 731 συν
780 695 866 739 Sap.
903 699 963 730 Τοι
994 699 1100 739 λεγω.
1140 689 1315 741 BIagnus

193 745 302 784 dolor
319 747 486 786 accessit.
518 747 717 786 Efficietur
736 746 883 798 aliquid
901 746 1065 797 dignum
1083 743 1205 783 nobis.

249 807 428 852 Δυσουρια
439 810 507 839 tua
521 801 619 839 mihi
633 801 742 839 valde
756 801 926 839 molesta.
948 800 1122 847 Medeoe,
1138 794 1315 846 (amabo)

193 852 289 891 dum
309 862 365 893 est
382 870 489 907 αρχη.
520 855 583 893 De
600 855 906 894 Massiliensibus
925 862 1044 906 gratae
1062 860 1139 891 tuae
1156 851 1255 890 mihi
1268 850 1321 889 li-

192 914 307 946 terae:
339 921 484 960 quaeso,
504 916 549 946 ut
568 909 699 957 sciam,
720 908 911 960 quidquid
929 907 1106 947 audieris.
1147 905 1320 946 Siciliam

193 974 388 1013 cuperem,
410 962 441 1000 si
463 975 616 1014 possem
644 963 800 1014 palam3
830 962 935 1014 quod
953 976 976 1001 a
995 961 1163 1001 Curione
1187 959 1320 998 effece-

193 1027 290 1053 ram.
333 1016 413 1055 Hic
444 1030 514 1068 ego
544 1017 722 1056 Servium
752 1024 954 1069 exspecto:
995 1028 1107 1067 rogor
1136 1013 1241 1054 enim
1269 1014 1319 1051 ab

194 1070 276 1118 ejus
295 1083 416 1108 uxore
434 1078 472 1108 et
490 1070 593 1108 filio:
626 1078 663 1109 et
681 1078 776 1122 puto
795 1084 892 1123 opus
912 1083 1004 1109 esse.

248 1122 328 1162 Hic
348 1132 477 1162 tamen
498 1125 746 1176 Cytheridem
775 1137 904 1164 secum
922 1123 1057 1163 lecticit
1075 1121 1208 1175 apert&
1231 1134 1322 1174 por-

192 1183 263 1225 tat,
285 1177 404 1216 alterii
423 1191 609 1217 uxorem:
641 1187 786 1231 septem
805 1186 988 1231 praeterea
1013 1178 1226 1227 conjunctae
1243 1176 1322 1215 lec-

191 1230 277 1269 ticae
309 1232 522 1270 amicarum
555 1241 658 1282 sunt,
693 1246 743 1271 an
773 1233 986 1274 amicorum
999 1234 1017 1271 ,⁹
1046 1230 1163 1280 Vide,
1201 1242 1322 1283 quam

193 1285 297 1337 turpi
322 1286 398 1324 leto
416 1299 643 1338 pereamus:
676 1295 713 1326 et
740 1287 889 1336 dubita,
915 1286 948 1325 si
966 1293 1087 1338 potes,
1114 1285 1210 1336 quin
1237 1284 1318 1333 ille,

191 1352 259 1376 seu
278 1339 400 1378 victus
430 1354 496 1379 seu
527 1341 646 1380 victor
679 1340 845 1390 redierit,
882 1340 1025 1380 caedem
1054 1339 1225 1378 factiuns
1258 1338 1320 1377 sit.

191 1392 279 1444 Ego
299 1407 402 1438 vero..
431 1395 491 1433 vel
520 1395 729 1444 lintriculo,
750 1395 782 1434 si
800 1395 907 1434 navis
936 1407 1013 1433 non
1040 1393 1124 1441 erit,
1159 1392 1320 1444 eripiam

191 1458 256 1485 me
275 1460 322 1485 ex
341 1448 504 1487 istorum
530 1449 744 1501 parricidio.
785 1449 863 1488 Sed
885 1449 999 1502 plura
1023 1447 1202 1496 scribam,
1228 1459 1319 1486 cum

191 1500 305 1538 illum
325 1514 546 1541 convenere.
1018 1543 1021 1545 ,

246 1555 442 1594 Juvenem
463 1565 641 1596 nostrum
669 1569 746 1595 non
765 1570 922 1610 possum
951 1569 1027 1595 non
1048 1568 1203 1594 amate:
1235 1554 1316 1604 sed,

191 1609 241 1647 ab
256 1622 300 1647 eo
318 1622 388 1648 nos
407 1624 484 1649 non
505 1612 640 1660 amari,
661 1612 775 1663 plane
792 1611 975 1663 intelligo.
1016 1609 1130 1649 Nihil
1149 1622 1219 1662 ego
1238 1608 1317 1648 vidi

191 1669 271 1701 tam
301 1663 563 1713 ανηθοποιητον,
595 1674 676 1704 tam
701 1679 877 1704 aversum
907 1679 930 1704 a
962 1664 1058 1713 suis‚‘
1079 1671 1160 1703 tam
1191 1662 1318 1702 nescio

190 1717 286 1768 quid
305 1717 484 1769 cogitans.
527 1720 623 1758 Vim
653 1720 915 1758 incredibilem
933 1717 1222 1758 molestiarum!
1250 1716 1317 1756 sed

192 1770 263 1808 erit
291 1784 405 1819 curae,
426 1780 463 1810 et
482 1780 550 1822 est,
572 1782 616 1812 ut
634 1782 814 1825 regatur:
844 1771 989 1812 mirum
1009 1780 1065 1812 est
1084 1772 1188 1811 enim
1209 1771 1318 1823 inge-

191 1824 327 1863 nium:
360 1825 458 1871 ηθους·
479 1835 729 1878 επιμελητεω.

412 1987 528 2040 (11.)
560 1990 772 2030 CICERO
801 1989 1018 2030 ATTICO
1047 1990 1088 2029 S.

249 2094 467 2147 obsignata
491 2088 575 2146 jam
606 2098 767 2150 epistola
796 2099 1001 2152 superiore,
1021 2110 1099 2137 non
1117 2097 1263 2150 placuit
1281 2096 1316 2136 ei

197 2149 294 2198 dari,
315 2151 377 2189 cui
396 2151 679 2197 constitueram,
701 2154 804 2205 quod
823 2162 903 2193 erat
920 2153 1080 2192 alienus.
1111 2152 1250 2204 Itaque
1272 2164 1318 2191 eo

195 2203 257 2242 die
269 2203 357 2243 data
375 2217 451 2244 non
472 2216 538 2244 est.
570 2207 730 2245 Interim
746 2208 847 2247 venit
868 2207 1115 2256 Philotimus,
1129 2213 1167 2245 et
1184 2204 1281 2245 mihi
1295 2218 1318 2263 ³.
