<?xml version="1.0" encoding="UTF-8"?>
<!DOCTYPE html PUBLIC "-//W3C//DTD XHTML 1.0 Transitional//EN"
    "http://www.w3.org/TR/xhtml1/DTD/xhtml1-transitional.dtd">
<html xmlns="http://www.w3.org/1999/xhtml" xml:lang="en" lang="en">
 <head>
  <title>
</title>
<meta http-equiv="Content-Type" content="text/html;charset=utf-8" />
  <meta name='ocr-system' content='tesseract 3.04.00' />
  <meta name='ocr-capabilities' content='ocr_page ocr_carea ocr_par ocr_line ocrx_word'/>
</head>
<body>
  <div class='ocr_page' id='page_1' title='image "./operaern11ciceuoft_0081.png"; bbox 0 0 1467 2401; ppageno 0'>
   <div class='ocr_carea' id='block_1_1' title="bbox 0 1130 3 1693">
    <p class='ocr_par' dir='ltr' id='par_1_1' title="bbox 0 1130 3 1693">
     <span class='ocr_line' id='line_1_1' title="bbox 0 1130 3 1693; baseline 0 0"><span class='ocrx_word' id='word_1_1' title='bbox 0 1130 3 1693; x_wconf 95' lang='lat' dir='ltr'><strong> </strong></span> 
     </span>
    </p>
   </div>
   <div class='ocr_carea' id='block_1_2' title="bbox 371 78 1257 125">
    <p class='ocr_par' dir='ltr' id='par_1_2' title="bbox 371 78 1257 125">
     <span class='ocr_line' id='line_1_2' title="bbox 371 78 1257 125; baseline -0.005 -4"><span class='ocrx_word' id='word_1_2' title='bbox 371 81 456 122; x_wconf 91' lang='lat' dir='ltr'><strong>AD</strong></span> <span class='ocrx_word' id='word_1_3' title='bbox 484 78 904 121; x_wconf 66' lang='lat' dir='ltr'><strong>ATTICUM.L1B</strong></span> <span class='ocrx_word' id='word_1_4' title='bbox 925 79 978 119; x_wconf 90' lang='lat' dir='ltr'><strong>X.</strong></span> <span class='ocrx_word' id='word_1_5' title='bbox 1005 80 1065 124; x_wconf 88' lang='grc'><strong>17.</strong></span> <span class='ocrx_word' id='word_1_6' title='bbox 1205 81 1257 125; x_wconf 88' lang='lat'><strong>67</strong></span> 
     </span>
    </p>
   </div>
   <div class='ocr_carea' id='block_1_3' title="bbox 120 178 1249 891">
    <p class='ocr_par' dir='ltr' id='par_1_3' title="bbox 122 178 1249 394">
     <span class='ocr_line' id='line_1_3' title="bbox 124 178 1249 250; baseline -0.006 -17"><span class='ocrx_word' id='word_1_7' title='bbox 124 194 193 233; x_wconf 85' lang='lat' dir='ltr'><strong>illa</strong></span> <span class='ocrx_word' id='word_1_8' title='bbox 215 191 401 240; x_wconf 64' lang='lat' dir='ltr'><strong>Caeliana,</strong></span> <span class='ocrx_word' id='word_1_9' title='bbox 417 204 505 243; x_wconf 89' lang='lat' dir='ltr'><strong>quae</strong></span> <span class='ocrx_word' id='word_1_10' title='bbox 522 190 629 242; x_wconf 83' lang='lat' dir='ltr'><strong>legi</strong></span> <span class='ocrx_word' id='word_1_11' title='bbox 616 203 658 228; x_wconf 90' lang='grc'><strong>111</strong></span> <span class='ocrx_word' id='word_1_12' title='bbox 677 187 837 241; x_wconf 88' lang='lat' dir='ltr'><strong>epistola</strong></span> <span class='ocrx_word' id='word_1_13' title='bbox 856 189 938 238; x_wconf 84' lang='lat' dir='ltr'><strong>tua,</strong></span> <span class='ocrx_word' id='word_1_14' title='bbox 967 200 1086 250; x_wconf 78' lang='lat' dir='ltr'><strong>quam</strong></span> <span class='ocrx_word' id='word_1_15' title='bbox 1106 178 1249 240; x_wconf 52' lang='lat' dir='ltr'><strong>accepi.</strong></span> 
     </span>
     <span class='ocr_line' id='line_1_4' title="bbox 122 242 1248 291; baseline -0.006 -4"><span class='ocrx_word' id='word_1_16' title='bbox 122 247 270 287; x_wconf 84' lang='grc'><strong>51111111</strong></span> <span class='ocrx_word' id='word_1_17' title='bbox 258 259 300 285; x_wconf 90' lang='grc'><strong>111</strong></span> <span class='ocrx_word' id='word_1_18' title='bbox 329 246 555 285; x_wconf 90' lang='lat' dir='ltr'><strong>Cumanum</strong></span> <span class='ocrx_word' id='word_1_19' title='bbox 574 244 675 291; x_wconf 86' lang='lat' dir='ltr'><strong>veni,</strong></span> <span class='ocrx_word' id='word_1_20' title='bbox 697 243 831 282; x_wconf 89' lang='lat' dir='ltr'><strong>eodem</strong></span> <span class='ocrx_word' id='word_1_21' title='bbox 855 243 941 282; x_wconf 86' lang='grc'><strong>(118·</strong></span> <span class='ocrx_word' id='word_1_22' title='bbox 972 250 1010 282; x_wconf 87' lang='grc'><strong>81</strong></span> <span class='ocrx_word' id='word_1_23' title='bbox 1029 242 1147 281; x_wconf 90' lang='lat' dir='ltr'><strong>simul</strong></span> <span class='ocrx_word' id='word_1_24' title='bbox 1166 243 1248 281; x_wconf 91' lang='lat' dir='ltr'><strong>fieri</strong></span> 
     </span>
     <span class='ocr_line' id='line_1_5' title="bbox 123 296 1248 354; baseline -0.005 -14"><span class='ocrx_word' id='word_1_25' title='bbox 123 308 287 354; x_wconf 86' lang='lat' dir='ltr'><strong>poterat,</strong></span> <span class='ocrx_word' id='word_1_26' title='bbox 313 307 359 339; x_wconf 89' lang='lat' dir='ltr'><strong>ut</strong></span> <span class='ocrx_word' id='word_1_27' title='bbox 384 306 632 338; x_wconf 81' lang='lat' dir='ltr'><strong>tentaremur.</strong></span> <span class='ocrx_word' id='word_1_28' title='bbox 660 298 833 338; x_wconf 90' lang='lat' dir='ltr'><strong>Omnem</strong></span> <span class='ocrx_word' id='word_1_29' title='bbox 851 297 969 349; x_wconf 88' lang='lat' dir='ltr'><strong>igitur</strong></span> <span class='ocrx_word' id='word_1_30' title='bbox 994 296 1248 348; x_wconf 87' lang='lat' dir='ltr'><strong>suspicionem</strong></span> 
     </span>
     <span class='ocr_line' id='line_1_6' title="bbox 123 355 272 394; baseline -0.007 0"><span class='ocrx_word' id='word_1_31' title='bbox 123 355 272 394; x_wconf 78' lang='lat' dir='ltr'><strong>sustuli.</strong></span> 
     </span>
    </p>

    <p class='ocr_par' dir='ltr' id='par_1_4' title="bbox 120 404 1247 730">
     <span class='ocr_line' id='line_1_7' title="bbox 176 404 1247 456; baseline -0.007 -7"><span class='ocrx_word' id='word_1_32' title='bbox 176 408 266 456; x_wconf 86' lang='lat' dir='ltr'>Sed,</span> <span class='ocrx_word' id='word_1_33' title='bbox 282 421 373 448; x_wconf 89' lang='lat' dir='ltr'><strong>cum</strong></span> <span class='ocrx_word' id='word_1_34' title='bbox 391 407 519 456; x_wconf 79' lang='lat' dir='ltr'><strong>redeo,</strong></span> <span class='ocrx_word' id='word_1_35' title='bbox 536 406 768 446; x_wconf 84' lang='lat' dir='ltr'><strong>Hortensius</strong></span> <span class='ocrx_word' id='word_1_36' title='bbox 788 414 955 453; x_wconf 85' lang='lat' dir='ltr'><strong>venerat,</strong></span> <span class='ocrx_word' id='word_1_37' title='bbox 976 413 1013 444; x_wconf 91' lang='lat' dir='ltr'><strong>et</strong></span> <span class='ocrx_word' id='word_1_38' title='bbox 1031 404 1081 443; x_wconf 88' lang='lat' dir='ltr'><strong>ad</strong></span> <span class='ocrx_word' id='word_1_39' title='bbox 1099 405 1247 443; x_wconf 86' lang='lat' dir='ltr'><strong>Teren-</strong></span> 
     </span>
     <span class='ocr_line' id='line_1_8' title="bbox 121 459 1246 507; baseline -0.005 -5"><span class='ocrx_word' id='word_1_40' title='bbox 121 464 215 502; x_wconf 84' lang='lat' dir='ltr'><strong>tiam</strong></span> <span class='ocrx_word' id='word_1_41' title='bbox 230 463 440 502; x_wconf 86' lang='lat' dir='ltr'><strong>salutatum</strong></span> <span class='ocrx_word' id='word_1_42' title='bbox 461 462 691 507; x_wconf 83' lang='lat' dir='ltr'><strong>diverterat3</strong></span> <span class='ocrx_word' id='word_1_43' title='bbox 723 472 896 498; x_wconf 88' lang='lat' dir='ltr'><strong>sermone</strong></span> <span class='ocrx_word' id='word_1_44' title='bbox 915 467 994 498; x_wconf 87' lang='lat' dir='ltr'><strong>erat</strong></span> <span class='ocrx_word' id='word_1_45' title='bbox 1016 472 1108 497; x_wconf 92' lang='lat' dir='ltr'><strong>usus</strong></span> <span class='ocrx_word' id='word_1_46' title='bbox 1126 459 1246 497; x_wconf 87' lang='lat' dir='ltr'><strong>hono-</strong></span> 
     </span>
     <span class='ocr_line' id='line_1_9' title="bbox 120 512 1244 576; baseline -0.005 -20"><span class='ocrx_word' id='word_1_47' title='bbox 120 517 224 556; x_wconf 85' lang='lat' dir='ltr'><strong>rifieo</strong></span> <span class='ocrx_word' id='word_1_48' title='bbox 238 530 328 568; x_wconf 89' lang='lat' dir='ltr'><strong>erga</strong></span> <span class='ocrx_word' id='word_1_49' title='bbox 346 530 421 555; x_wconf 88' lang='lat' dir='ltr'><strong>me.</strong></span> <span class='ocrx_word' id='word_1_50' title='bbox 451 516 606 554; x_wconf 87' lang='lat' dir='ltr'><strong>Tamen</strong></span> <span class='ocrx_word' id='word_1_51' title='bbox 625 528 729 576; x_wconf 55' lang='lat' dir='ltr'><strong>eum?</strong></span> <span class='ocrx_word' id='word_1_52' title='bbox 750 522 795 552; x_wconf 91' lang='lat' dir='ltr'><strong>ut</strong></span> <span class='ocrx_word' id='word_1_53' title='bbox 813 522 922 565; x_wconf 76' lang='lat' dir='ltr'><strong>pum,</strong></span> <span class='ocrx_word' id='word_1_54' title='bbox 943 514 1106 552; x_wconf 76' lang='lat' dir='ltr'><strong>videbo·</strong></span> <span class='ocrx_word' id='word_1_55' title='bbox 1138 512 1244 550; x_wconf 84' lang='lat' dir='ltr'><strong>misit</strong></span> 
     </span>
     <span class='ocr_line' id='line_1_10' title="bbox 121 567 1243 624; baseline -0.005 -14"><span class='ocrx_word' id='word_1_56' title='bbox 121 571 224 610; x_wconf 87' lang='lat' dir='ltr'><strong>enim</strong></span> <span class='ocrx_word' id='word_1_57' title='bbox 238 584 418 624; x_wconf 78' lang='lat' dir='ltr'><strong>puerum,</strong></span> <span class='ocrx_word' id='word_1_58' title='bbox 432 584 471 609; x_wconf 92' lang='lat' dir='ltr'><strong>se</strong></span> <span class='ocrx_word' id='word_1_59' title='bbox 490 570 539 608; x_wconf 86' lang='lat' dir='ltr'><strong>ad</strong></span> <span class='ocrx_word' id='word_1_60' title='bbox 557 582 620 608; x_wconf 91' lang='lat' dir='ltr'><strong>me</strong></span> <span class='ocrx_word' id='word_1_61' title='bbox 638 569 778 607; x_wconf 89' lang='lat' dir='ltr'><strong>venire.</strong></span> <span class='ocrx_word' id='word_1_62' title='bbox 809 569 897 607; x_wconf 92' lang='lat' dir='ltr'><strong>Hoc</strong></span> <span class='ocrx_word' id='word_1_63' title='bbox 917 568 1074 620; x_wconf 88' lang='lat' dir='ltr'><strong>quidem</strong></span> <span class='ocrx_word' id='word_1_64' title='bbox 1088 567 1243 612; x_wconf 80' lang='lat' dir='ltr'><strong>melius,</strong></span> 
     </span>
     <span class='ocr_line' id='line_1_11' title="bbox 120 621 1244 678; baseline -0.005 -14"><span class='ocrx_word' id='word_1_65' title='bbox 120 638 240 678; x_wconf 89' lang='lat' dir='ltr'><strong>quam</strong></span> <span class='ocrx_word' id='word_1_66' title='bbox 258 625 403 676; x_wconf 84' lang='lat' dir='ltr'><strong>collega</strong></span> <span class='ocrx_word' id='word_1_67' title='bbox 427 632 553 663; x_wconf 90' lang='lat' dir='ltr'><strong>noster</strong></span> <span class='ocrx_word' id='word_1_68' title='bbox 577 622 801 662; x_wconf 89' lang='lat' dir='ltr'><strong>Antonius:</strong></span> <span class='ocrx_word' id='word_1_69' title='bbox 833 623 942 672; x_wconf 84' lang='lat' dir='ltr'><strong>cujus</strong></span> <span class='ocrx_word' id='word_1_70' title='bbox 972 623 1071 660; x_wconf 86' lang='grc'><strong>111181·</strong></span> <span class='ocrx_word' id='word_1_71' title='bbox 1094 621 1244 659; x_wconf 85' lang='lat' dir='ltr'><strong>lictores</strong></span> 
     </span>
     <span class='ocr_line' id='line_1_12' title="bbox 121 679 592 730; baseline -0.004 -12"><span class='ocrx_word' id='word_1_72' title='bbox 121 679 254 718; x_wconf 83' lang='lat' dir='ltr'><strong>lectica</strong></span> <span class='ocrx_word' id='word_1_73' title='bbox 268 679 390 717; x_wconf 87' lang='lat' dir='ltr'><strong>mima</strong></span> <span class='ocrx_word' id='word_1_74' title='bbox 407 685 592 730; x_wconf 83' lang='lat' dir='ltr'><strong>portatur.</strong></span> 
     </span>
    </p>

    <p class='ocr_par' dir='ltr' id='par_1_5' title="bbox 120 731 1242 891">
     <span class='ocr_line' id='line_1_13' title="bbox 173 731 1242 794; baseline -0.006 -22"><span class='ocrx_word' id='word_1_75' title='bbox 173 732 252 781; x_wconf 84' lang='lat' dir='ltr'><strong>Tu,</strong></span> <span class='ocrx_word' id='word_1_76' title='bbox 261 733 444 785; x_wconf 87' lang='lat' dir='ltr'><strong>quoniam</strong></span> <span class='ocrx_word' id='word_1_77' title='bbox 459 731 648 794; x_wconf 78' lang='lat' dir='ltr'><strong>quartana</strong></span> <span class='ocrx_word' id='word_1_78' title='bbox 660 744 777 779; x_wconf 79' lang='lat' dir='ltr'><strong>cares,</strong></span> <span class='ocrx_word' id='word_1_79' title='bbox 794 738 831 769; x_wconf 86' lang='lat' dir='ltr'><strong>et</strong></span> <span class='ocrx_word' id='word_1_80' title='bbox 843 743 920 770; x_wconf 88' lang='lat' dir='ltr'><strong>non</strong></span> <span class='ocrx_word' id='word_1_81' title='bbox 932 731 1048 769; x_wconf 89' lang='lat' dir='ltr'><strong>modo</strong></span> <span class='ocrx_word' id='word_1_82' title='bbox 1063 731 1242 767; x_wconf 84' lang='lat' dir='ltr'><strong>morbum</strong></span> 
     </span>
     <span class='ocr_line' id='line_1_14' title="bbox 120 783 1242 837; baseline -0.004 -11"><span class='ocrx_word' id='word_1_83' title='bbox 120 787 329 834; x_wconf 81' lang='lat' dir='ltr'><strong>removisti,</strong></span> <span class='ocrx_word' id='word_1_84' title='bbox 356 787 422 826; x_wconf 90' lang='lat' dir='ltr'><strong>sed</strong></span> <span class='ocrx_word' id='word_1_85' title='bbox 452 787 565 825; x_wconf 84' lang='lat' dir='ltr'><strong>etiam</strong></span> <span class='ocrx_word' id='word_1_86' title='bbox 597 785 857 837; x_wconf 71' lang='lat' dir='ltr'><strong>gravedinem,</strong></span> <span class='ocrx_word' id='word_1_87' title='bbox 879 793 915 823; x_wconf 88' lang='lat' dir='ltr'><strong>te</strong></span> <span class='ocrx_word' id='word_1_88' title='bbox 934 792 1114 836; x_wconf 50' lang='lat' dir='ltr'><strong>tegetum</strong></span> <span class='ocrx_word' id='word_1_89' title='bbox 1132 783 1242 823; x_wconf 85' lang='lat' dir='ltr'><strong>nobis</strong></span> 
     </span>
     <span class='ocr_line' id='line_1_15' title="bbox 120 839 1088 891; baseline -0.003 -10"><span class='ocrx_word' id='word_1_90' title='bbox 120 842 161 880; x_wconf 91' lang='lat' dir='ltr'><strong>in</strong></span> <span class='ocrx_word' id='word_1_91' title='bbox 183 841 332 880; x_wconf 88' lang='lat' dir='ltr'><strong>Graecia</strong></span> <span class='ocrx_word' id='word_1_92' title='bbox 350 841 463 888; x_wconf 81' lang='lat' dir='ltr'><strong>siste3</strong></span> <span class='ocrx_word' id='word_1_93' title='bbox 495 848 532 880; x_wconf 93' lang='lat' dir='ltr'><strong>et</strong></span> <span class='ocrx_word' id='word_1_94' title='bbox 548 841 748 879; x_wconf 87' lang='lat' dir='ltr'><strong>literarum</strong></span> <span class='ocrx_word' id='word_1_95' title='bbox 767 839 915 891; x_wconf 88' lang='lat' dir='ltr'><strong>aliquid</strong></span> <span class='ocrx_word' id='word_1_96' title='bbox 933 839 1088 878; x_wconf 82' lang='lat' dir='ltr'><strong>interea.</strong></span> 
     </span>
    </p>
   </div>
   <div class='ocr_carea' id='block_1_4' title="bbox 338 1002 1022 1059">
    <p class='ocr_par' dir='ltr' id='par_1_6' title="bbox 338 1002 1022 1059">
     <span class='ocr_line' id='line_1_16' title="bbox 338 1002 1022 1059; baseline -0.001 -15"><span class='ocrx_word' id='word_1_97' title='bbox 338 1004 458 1059; x_wconf 88' lang='lat'>(17.)</span> <span class='ocrx_word' id='word_1_98' title='bbox 489 1002 703 1044; x_wconf 90' lang='lat' dir='ltr'>CICERO</span> <span class='ocrx_word' id='word_1_99' title='bbox 730 1002 951 1043; x_wconf 92' lang='lat' dir='ltr'>ATTICO</span> <span class='ocrx_word' id='word_1_100' title='bbox 980 1003 1022 1043; x_wconf 91' lang='lat' dir='ltr'><strong>S.</strong></span> 
     </span>
    </p>
   </div>
   <div class='ocr_carea' id='block_1_5' title="bbox 116 1111 1249 2247">
    <p class='ocr_par' dir='ltr' id='par_1_7' title="bbox 116 1111 1244 1599">
     <span class='ocr_line' id='line_1_17' title="bbox 173 1111 1243 1163; baseline -0.004 -10"><span class='ocrx_word' id='word_1_101' title='bbox 173 1114 303 1153; x_wconf 84' lang='lat' dir='ltr'><strong>Pridie</strong></span> <span class='ocrx_word' id='word_1_102' title='bbox 318 1113 413 1152; x_wconf 90' lang='lat' dir='ltr'><strong>Idus</strong></span> <span class='ocrx_word' id='word_1_103' title='bbox 434 1112 663 1152; x_wconf 86' lang='lat' dir='ltr'><strong>Hortensius</strong></span> <span class='ocrx_word' id='word_1_104' title='bbox 693 1111 743 1151; x_wconf 87' lang='lat' dir='ltr'><strong>ad</strong></span> <span class='ocrx_word' id='word_1_105' title='bbox 773 1124 838 1150; x_wconf 89' lang='lat' dir='ltr'><strong>me</strong></span> <span class='ocrx_word' id='word_1_106' title='bbox 867 1112 983 1159; x_wconf 78' lang='lat' dir='ltr'><strong>venit,</strong></span> <span class='ocrx_word' id='word_1_107' title='bbox 1005 1111 1144 1163; x_wconf 61' lang='lat' dir='ltr'><strong>scripta</strong></span> <span class='ocrx_word' id='word_1_108' title='bbox 1163 1112 1243 1163; x_wconf 90' lang='lat' dir='ltr'><strong>epi-</strong></span> 
     </span>
     <span class='ocr_line' id='line_1_18' title="bbox 116 1166 1243 1216; baseline -0.004 -8"><span class='ocrx_word' id='word_1_109' title='bbox 116 1169 227 1208; x_wconf 64' lang='lat' dir='ltr'><strong>stola.</strong></span> <span class='ocrx_word' id='word_1_110' title='bbox 255 1169 409 1208; x_wconf 84' lang='lat' dir='ltr'><strong>Vellem</strong></span> <span class='ocrx_word' id='word_1_111' title='bbox 428 1174 562 1206; x_wconf 87' lang='lat' dir='ltr'><strong>caetera</strong></span> <span class='ocrx_word' id='word_1_112' title='bbox 581 1168 675 1216; x_wconf 91' lang='lat' dir='ltr'><strong>ejus.</strong></span> <span class='ocrx_word' id='word_1_113' title='bbox 704 1166 838 1214; x_wconf 86' lang='lat' dir='ltr'><strong>Quam</strong></span> <span class='ocrx_word' id='word_1_114' title='bbox 854 1166 892 1203; x_wconf 88' lang='lat' dir='ltr'><strong>in</strong></span> <span class='ocrx_word' id='word_1_115' title='bbox 908 1179 971 1204; x_wconf 89' lang='lat' dir='ltr'><strong>me</strong></span> <span class='ocrx_word' id='word_1_116' title='bbox 981 1166 1243 1205; x_wconf 89' lang='lat' dir='ltr'><strong>incredibilem</strong></span> 
     </span>
     <span class='ocr_line' id='line_1_19' title="bbox 120 1220 1241 1274; baseline 0.003 -16"><span class='ocrx_word' id='word_1_117' title='bbox 120 1222 321 1260; x_wconf 74' lang='grc' dir='ltr'>εκτενειανῑ</span> <span class='ocrx_word' id='word_1_118' title='bbox 352 1220 429 1274; x_wconf 67' lang='lat' dir='ltr'><strong>qua</strong></span> <span class='ocrx_word' id='word_1_119' title='bbox 448 1221 605 1273; x_wconf 90' lang='lat' dir='ltr'><strong>quidem</strong></span> <span class='ocrx_word' id='word_1_120' title='bbox 624 1220 747 1271; x_wconf 85' lang='lat' dir='ltr'><strong>cogito</strong></span> <span class='ocrx_word' id='word_1_121' title='bbox 766 1220 837 1258; x_wconf 89' lang='lat' dir='ltr'><strong>uti.</strong></span> <span class='ocrx_word' id='word_1_122' title='bbox 877 1220 1029 1259; x_wconf 88' lang='lat' dir='ltr'><strong>Deinde</strong></span> <span class='ocrx_word' id='word_1_123' title='bbox 1058 1221 1241 1272; x_wconf 84' lang='lat' dir='ltr'><strong>Serapion</strong></span> 
     </span>
     <span class='ocr_line' id='line_1_20' title="bbox 118 1274 1241 1328; baseline -0.004 -12"><span class='ocrx_word' id='word_1_124' title='bbox 118 1289 211 1315; x_wconf 88' lang='lat' dir='ltr'><strong>cum</strong></span> <span class='ocrx_word' id='word_1_125' title='bbox 247 1276 407 1328; x_wconf 66' lang='lat' dir='ltr'><strong>epistola</strong></span> <span class='ocrx_word' id='word_1_126' title='bbox 439 1276 532 1314; x_wconf 64' lang='lat' dir='ltr'><strong>tua:</strong></span> <span class='ocrx_word' id='word_1_127' title='bbox 563 1287 682 1326; x_wconf 91' lang='lat' dir='ltr'><strong>quam</strong></span> <span class='ocrx_word' id='word_1_128' title='bbox 697 1274 803 1326; x_wconf 92' lang='lat' dir='ltr'><strong>prius</strong></span> <span class='ocrx_word' id='word_1_129' title='bbox 837 1288 956 1326; x_wconf 91' lang='lat' dir='ltr'><strong>quam</strong></span> <span class='ocrx_word' id='word_1_130' title='bbox 993 1275 1241 1326; x_wconf 86' lang='lat' dir='ltr'><strong>aperuissem,</strong></span> 
     </span>
     <span class='ocr_line' id='line_1_21' title="bbox 118 1328 1240 1380; baseline -0.002 -11"><span class='ocrx_word' id='word_1_131' title='bbox 118 1329 202 1368; x_wconf 75' lang='lat' dir='ltr'><strong>dixi</strong></span> <span class='ocrx_word' id='word_1_132' title='bbox 220 1330 268 1377; x_wconf 76' lang='lat' dir='ltr'><strong>ei,</strong></span> <span class='ocrx_word' id='word_1_133' title='bbox 289 1338 327 1369; x_wconf 88' lang='lat' dir='ltr'><strong>te</strong></span> <span class='ocrx_word' id='word_1_134' title='bbox 345 1330 395 1368; x_wconf 80' lang='lat' dir='ltr'><strong>ad</strong></span> <span class='ocrx_word' id='word_1_135' title='bbox 412 1343 475 1368; x_wconf 87' lang='lat' dir='ltr'><strong>me</strong></span> <span class='ocrx_word' id='word_1_136' title='bbox 493 1329 541 1368; x_wconf 89' lang='lat' dir='ltr'><strong>de</strong></span> <span class='ocrx_word' id='word_1_137' title='bbox 571 1342 614 1367; x_wconf 91' lang='grc' dir='ltr'><strong>8ο</strong></span> <span class='ocrx_word' id='word_1_138' title='bbox 640 1328 831 1380; x_wconf 86' lang='lat' dir='ltr'><strong>scripsisse</strong></span> <span class='ocrx_word' id='word_1_139' title='bbox 861 1336 986 1377; x_wconf 82' lang='lat' dir='ltr'><strong>antea,</strong></span> <span class='ocrx_word' id='word_1_140' title='bbox 1013 1337 1058 1367; x_wconf 89' lang='lat' dir='ltr'><strong>ut</strong></span> <span class='ocrx_word' id='word_1_141' title='bbox 1088 1328 1240 1368; x_wconf 88' lang='lat' dir='ltr'><strong>feceras.</strong></span> 
     </span>
     <span class='ocr_line' id='line_1_22' title="bbox 118 1382 1244 1436; baseline -0.003 -13"><span class='ocrx_word' id='word_1_142' title='bbox 118 1384 286 1431; x_wconf 85' lang='lat' dir='ltr'><strong>Deinde,</strong></span> <span class='ocrx_word' id='word_1_143' title='bbox 324 1384 485 1436; x_wconf 69' lang='lat' dir='ltr'><strong>epistola</strong></span> <span class='ocrx_word' id='word_1_144' title='bbox 513 1383 628 1431; x_wconf 62' lang='lat' dir='ltr'><strong>lecta,</strong></span> <span class='ocrx_word' id='word_1_145' title='bbox 667 1382 968 1421; x_wconf 87' lang='lat' dir='ltr'><strong>cumulatissime</strong></span> <span class='ocrx_word' id='word_1_146' title='bbox 1004 1390 1162 1421; x_wconf 84' lang='lat' dir='ltr'><strong>caetera:</strong></span> <span class='ocrx_word' id='word_1_147' title='bbox 1206 1391 1244 1421; x_wconf 91' lang='lat' dir='ltr'><strong>et</strong></span> 
     </span>
     <span class='ocr_line' id='line_1_23' title="bbox 118 1436 1244 1489; baseline -0.003 -12"><span class='ocrx_word' id='word_1_148' title='bbox 118 1436 307 1488; x_wconf 84' lang='lat' dir='ltr'><strong>(hercule)</strong></span> <span class='ocrx_word' id='word_1_149' title='bbox 327 1438 526 1477; x_wconf 90' lang='lat' dir='ltr'><strong>hominem</strong></span> <span class='ocrx_word' id='word_1_150' title='bbox 543 1439 692 1476; x_wconf 90' lang='lat' dir='ltr'><strong>bonum</strong></span> <span class='ocrx_word' id='word_1_151' title='bbox 707 1446 744 1475; x_wconf 88' lang='lat' dir='ltr'><strong>et</strong></span> <span class='ocrx_word' id='word_1_152' title='bbox 759 1436 915 1475; x_wconf 87' lang='lat' dir='ltr'><strong>doctum</strong></span> <span class='ocrx_word' id='word_1_153' title='bbox 935 1444 972 1474; x_wconf 89' lang='lat' dir='ltr'><strong>et</strong></span> <span class='ocrx_word' id='word_1_154' title='bbox 989 1438 1156 1489; x_wconf 91' lang='lat' dir='ltr'><strong>probum</strong></span> <span class='ocrx_word' id='word_1_155' title='bbox 1176 1450 1244 1474; x_wconf 78' lang='lat' dir='ltr'><strong>ex-</strong></span> 
     </span>
     <span class='ocr_line' id='line_1_24' title="bbox 116 1490 1241 1543; baseline -0.002 -11"><span class='ocrx_word' id='word_1_156' title='bbox 116 1492 258 1532; x_wconf 88' lang='lat' dir='ltr'><strong>istimo.</strong></span> <span class='ocrx_word' id='word_1_157' title='bbox 288 1492 398 1541; x_wconf 86' lang='lat' dir='ltr'><strong>Quin</strong></span> <span class='ocrx_word' id='word_1_158' title='bbox 417 1492 533 1531; x_wconf 86' lang='lat' dir='ltr'><strong>etiam</strong></span> <span class='ocrx_word' id='word_1_159' title='bbox 552 1491 642 1530; x_wconf 88' lang='lat' dir='ltr'><strong>navi</strong></span> <span class='ocrx_word' id='word_1_160' title='bbox 661 1493 743 1542; x_wconf 88' lang='lat' dir='ltr'><strong>ejus</strong></span> <span class='ocrx_word' id='word_1_161' title='bbox 757 1503 835 1540; x_wconf 79' lang='grc'><strong>1118,</strong></span> <span class='ocrx_word' id='word_1_162' title='bbox 851 1498 888 1530; x_wconf 84' lang='grc'><strong>81</strong></span> <span class='ocrx_word' id='word_1_163' title='bbox 906 1490 989 1543; x_wconf 90' lang='lat' dir='ltr'><strong>ipso</strong></span> <span class='ocrx_word' id='word_1_164' title='bbox 1008 1499 1241 1540; x_wconf 83' lang='lat' dir='ltr'><strong>convectore,</strong></span> 
     </span>
     <span class='ocr_line' id='line_1_25' title="bbox 118 1554 408 1599; baseline -0.004 -13"><span class='ocrx_word' id='word_1_165' title='bbox 118 1559 282 1586; x_wconf 91' lang='lat' dir='ltr'><strong>usurum</strong></span> <span class='ocrx_word' id='word_1_166' title='bbox 299 1554 408 1599; x_wconf 86' lang='lat' dir='ltr'><strong>puto.</strong></span> 
     </span>
    </p>

    <p class='ocr_par' dir='ltr' id='par_1_8' title="bbox 117 1599 1246 2085">
     <span class='ocr_line' id='line_1_26' title="bbox 174 1599 1243 1652; baseline 0 -13"><span class='ocrx_word' id='word_1_167' title='bbox 174 1599 320 1640; x_wconf 89' lang='lat' dir='ltr'><strong>Crebro</strong></span> <span class='ocrx_word' id='word_1_168' title='bbox 337 1600 490 1640; x_wconf 84' lang='lat' dir='ltr'><strong>refricat</strong></span> <span class='ocrx_word' id='word_1_169' title='bbox 506 1599 717 1652; x_wconf 81' lang='lat' dir='ltr'><strong>lippitudo,</strong></span> <span class='ocrx_word' id='word_1_170' title='bbox 737 1611 815 1638; x_wconf 92' lang='lat' dir='ltr'><strong>non</strong></span> <span class='ocrx_word' id='word_1_171' title='bbox 834 1599 902 1637; x_wconf 87' lang='lat' dir='ltr'><strong>illa</strong></span> <span class='ocrx_word' id='word_1_172' title='bbox 920 1599 1078 1651; x_wconf 89' lang='lat' dir='ltr'><strong>quidem</strong></span> <span class='ocrx_word' id='word_1_173' title='bbox 1091 1600 1243 1652; x_wconf 91' lang='lat' dir='ltr'><strong>perodi-</strong></span> 
     </span>
     <span class='ocr_line' id='line_1_27' title="bbox 117 1653 1241 1707; baseline -0.002 -13"><span class='ocrx_word' id='word_1_174' title='bbox 117 1668 197 1704; x_wconf 87' lang='lat' dir='ltr'><strong>osa,</strong></span> <span class='ocrx_word' id='word_1_175' title='bbox 236 1655 303 1694; x_wconf 87' lang='lat' dir='ltr'><strong>sed</strong></span> <span class='ocrx_word' id='word_1_176' title='bbox 338 1663 469 1694; x_wconf 89' lang='lat' dir='ltr'><strong>tamen</strong></span> <span class='ocrx_word' id='word_1_177' title='bbox 501 1669 589 1707; x_wconf 88' lang='lat' dir='ltr'><strong>quae</strong></span> <span class='ocrx_word' id='word_1_178' title='bbox 610 1653 797 1705; x_wconf 82' lang='lat' dir='ltr'><strong>impediat</strong></span> <span class='ocrx_word' id='word_1_179' title='bbox 827 1653 1071 1706; x_wconf 89' lang='lat' dir='ltr'><strong>scriptionem</strong></span> <span class='ocrx_word' id='word_1_180' title='bbox 1099 1667 1241 1693; x_wconf 86' lang='lat' dir='ltr'><strong>meam.</strong></span> 
     </span>
     <span class='ocr_line' id='line_1_28' title="bbox 119 1708 1244 1762; baseline -0.001 -14"><span class='ocrx_word' id='word_1_181' title='bbox 119 1709 395 1749; x_wconf 85' lang='lat' dir='ltr'><strong>Valetudinem</strong></span> <span class='ocrx_word' id='word_1_182' title='bbox 413 1716 521 1747; x_wconf 83' lang='lat' dir='ltr'><strong>tuam</strong></span> <span class='ocrx_word' id='word_1_183' title='bbox 537 1710 622 1762; x_wconf 88' lang='lat' dir='ltr'><strong>jam</strong></span> <span class='ocrx_word' id='word_1_184' title='bbox 640 1708 905 1747; x_wconf 87' lang='lat' dir='ltr'><strong>confirmatam</strong></span> <span class='ocrx_word' id='word_1_185' title='bbox 925 1721 1004 1746; x_wconf 90' lang='lat' dir='ltr'><strong>esse</strong></span> <span class='ocrx_word' id='word_1_186' title='bbox 1022 1715 1060 1746; x_wconf 93' lang='lat' dir='ltr'><strong>et</strong></span> <span class='ocrx_word' id='word_1_187' title='bbox 1077 1721 1101 1752; x_wconf 83' lang='lat' dir='ltr'><strong>a</strong></span> <span class='ocrx_word' id='word_1_188' title='bbox 1118 1716 1244 1748; x_wconf 88' lang='lat' dir='ltr'><strong>vetere</strong></span> 
     </span>
     <span class='ocr_line' id='line_1_29' title="bbox 119 1762 1244 1813; baseline -0.001 -11"><span class='ocrx_word' id='word_1_189' title='bbox 119 1765 268 1811; x_wconf 86' lang='lat' dir='ltr'><strong>morb0‚</strong></span> <span class='ocrx_word' id='word_1_190' title='bbox 296 1770 333 1802; x_wconf 91' lang='lat' dir='ltr'><strong>et</strong></span> <span class='ocrx_word' id='word_1_191' title='bbox 361 1777 384 1801; x_wconf 90' lang='lat' dir='ltr'><strong>a</strong></span> <span class='ocrx_word' id='word_1_192' title='bbox 412 1763 521 1802; x_wconf 91' lang='lat' dir='ltr'><strong>novis</strong></span> <span class='ocrx_word' id='word_1_193' title='bbox 549 1762 837 1810; x_wconf 82' lang='lat' dir='ltr'><strong>tentationibus,</strong></span> <span class='ocrx_word' id='word_1_194' title='bbox 864 1762 1026 1813; x_wconf 86' lang='lat' dir='ltr'><strong>gaudeo.</strong></span> <span class='ocrx_word' id='word_1_195' title='bbox 1067 1762 1244 1801; x_wconf 88' lang='lat' dir='ltr'><strong>Ocellam</strong></span> 
     </span>
     <span class='ocr_line' id='line_1_30' title="bbox 119 1816 1244 1870; baseline -0.001 -14"><span class='ocrx_word' id='word_1_196' title='bbox 119 1818 260 1857; x_wconf 85' lang='lat' dir='ltr'><strong>vellem</strong></span> <span class='ocrx_word' id='word_1_197' title='bbox 284 1817 526 1856; x_wconf 86' lang='lat' dir='ltr'><strong>haberemus.</strong></span> <span class='ocrx_word' id='word_1_198' title='bbox 565 1816 760 1857; x_wconf 79' lang='lat' dir='ltr'><strong>Videntur</strong></span> <span class='ocrx_word' id='word_1_199' title='bbox 790 1816 893 1854; x_wconf 90' lang='lat' dir='ltr'><strong>enim</strong></span> <span class='ocrx_word' id='word_1_200' title='bbox 926 1829 1004 1863; x_wconf 89' lang='grc'><strong>8558</strong></span> <span class='ocrx_word' id='word_1_201' title='bbox 1022 1816 1104 1859; x_wconf 77' lang='lat' dir='ltr'><strong>haec</strong></span> <span class='ocrx_word' id='word_1_202' title='bbox 1126 1818 1244 1870; x_wconf 90' lang='lat' dir='ltr'><strong>paulo</strong></span> 
     </span>
     <span class='ocr_line' id='line_1_31' title="bbox 119 1870 1244 1932; baseline -0.001 -22"><span class='ocrx_word' id='word_1_203' title='bbox 119 1871 300 1911; x_wconf 85' lang='lat' dir='ltr'><strong>faciliora.</strong></span> <span class='ocrx_word' id='word_1_204' title='bbox 341 1872 460 1910; x_wconf 92' lang='lat' dir='ltr'><strong>Nunc</strong></span> <span class='ocrx_word' id='word_1_205' title='bbox 485 1870 645 1923; x_wconf 87' lang='lat' dir='ltr'><strong>quidem</strong></span> <span class='ocrx_word' id='word_1_206' title='bbox 676 1870 949 1922; x_wconf 85' lang='lat' dir='ltr'><strong>aequinoctium</strong></span> <span class='ocrx_word' id='word_1_207' title='bbox 968 1883 1038 1911; x_wconf 85' lang='lat' dir='ltr'><strong>nos</strong></span> <span class='ocrx_word' id='word_1_208' title='bbox 1056 1879 1244 1932; x_wconf 80' lang='lat' dir='ltr'><strong>moratur,</strong></span> 
     </span>
     <span class='ocr_line' id='line_1_32' title="bbox 120 1923 1247 1978; baseline -0.001 -13"><span class='ocrx_word' id='word_1_209' title='bbox 120 1925 226 1978; x_wconf 89' lang='lat' dir='ltr'><strong>quod</strong></span> <span class='ocrx_word' id='word_1_210' title='bbox 239 1925 350 1965; x_wconf 87' lang='lat' dir='ltr'><strong>valde</strong></span> <span class='ocrx_word' id='word_1_211' title='bbox 368 1928 636 1978; x_wconf 76' lang='lat' dir='ltr'><strong>perturbatum</strong></span> <span class='ocrx_word' id='word_1_212' title='bbox 656 1933 748 1963; x_wconf 85' lang='lat' dir='ltr'><strong>erat.</strong></span> <span class='ocrx_word' id='word_1_213' title='bbox 785 1923 834 1971; x_wconf 90' lang='lat' dir='ltr'><strong>Id</strong></span> <span class='ocrx_word' id='word_1_214' title='bbox 852 1925 884 1963; x_wconf 86' lang='lat' dir='ltr'><strong>si</strong></span> <span class='ocrx_word' id='word_1_215' title='bbox 911 1940 1044 1975; x_wconf 73' lang='grc' dir='ltr'><em>ακραες</em></span> <span class='ocrx_word' id='word_1_216' title='bbox 1063 1925 1147 1972; x_wconf 82' lang='lat' dir='ltr'><strong>erit,</strong></span> <span class='ocrx_word' id='word_1_217' title='bbox 1168 1925 1247 1963; x_wconf 86' lang='lat' dir='ltr'><strong>uti-</strong></span> 
     </span>
     <span class='ocr_line' id='line_1_33' title="bbox 122 1978 1246 2031; baseline 0 -13"><span class='ocrx_word' id='word_1_218' title='bbox 122 1991 214 2018; x_wconf 87' lang='lat' dir='ltr'><strong>nam</strong></span> <span class='ocrx_word' id='word_1_219' title='bbox 233 1979 338 2019; x_wconf 88' lang='lat' dir='ltr'><strong>idem</strong></span> <span class='ocrx_word' id='word_1_220' title='bbox 366 1987 522 2018; x_wconf 87' lang='lat' dir='ltr'><strong>maneat</strong></span> <span class='ocrx_word' id='word_1_221' title='bbox 540 1979 800 2018; x_wconf 87' lang='lat' dir='ltr'><strong>Hortensius!</strong></span> <span class='ocrx_word' id='word_1_222' title='bbox 832 1978 1036 2031; x_wconf 81' lang='lat' dir='ltr'><strong>siquidem,</strong></span> <span class='ocrx_word' id='word_1_223' title='bbox 1056 1987 1102 2017; x_wconf 92' lang='lat' dir='ltr'><strong>ut</strong></span> <span class='ocrx_word' id='word_1_224' title='bbox 1119 1978 1246 2018; x_wconf 86' lang='lat' dir='ltr'><strong>adhuc</strong></span> 
     </span>
     <span class='ocr_line' id='line_1_34' title="bbox 122 2033 786 2085; baseline -0.002 -13"><span class='ocrx_word' id='word_1_225' title='bbox 122 2041 216 2082; x_wconf 83' lang='lat' dir='ltr'><strong>erat,</strong></span> <span class='ocrx_word' id='word_1_226' title='bbox 228 2034 425 2073; x_wconf 86' lang='lat' dir='ltr'><strong>liberalius</strong></span> <span class='ocrx_word' id='word_1_227' title='bbox 437 2047 516 2073; x_wconf 66' lang='lat' dir='ltr'><strong>aese</strong></span> <span class='ocrx_word' id='word_1_228' title='bbox 533 2033 632 2072; x_wconf 89' lang='lat' dir='ltr'><strong>nihil</strong></span> <span class='ocrx_word' id='word_1_229' title='bbox 650 2040 786 2085; x_wconf 88' lang='lat' dir='ltr'><strong>potest.</strong></span> 
     </span>
    </p>

    <p class='ocr_par' dir='ltr' id='par_1_9' title="bbox 121 2086 1249 2247">
     <span class='ocr_line' id='line_1_35' title="bbox 175 2086 1248 2141; baseline -0.001 -15"><span class='ocrx_word' id='word_1_230' title='bbox 175 2087 240 2126; x_wconf 92' lang='lat' dir='ltr'><strong>De</strong></span> <span class='ocrx_word' id='word_1_231' title='bbox 253 2087 462 2141; x_wconf 89' lang='lat' dir='ltr'><strong>diplomate</strong></span> <span class='ocrx_word' id='word_1_232' title='bbox 480 2087 694 2137; x_wconf 82' lang='lat' dir='ltr'><strong>admiraris,</strong></span> <span class='ocrx_word' id='word_1_233' title='bbox 715 2087 827 2139; x_wconf 88' lang='lat' dir='ltr'><strong>quasi</strong></span> <span class='ocrx_word' id='word_1_234' title='bbox 845 2087 970 2126; x_wconf 89' lang='lat' dir='ltr'><strong>nescio</strong></span> <span class='ocrx_word' id='word_1_235' title='bbox 985 2088 1095 2138; x_wconf 87' lang='lat' dir='ltr'><strong>cujus</strong></span> <span class='ocrx_word' id='word_1_236' title='bbox 1123 2094 1160 2126; x_wconf 85' lang='grc'><strong>18</strong></span> <span class='ocrx_word' id='word_1_237' title='bbox 1179 2086 1248 2125; x_wconf 81' lang='lat' dir='ltr'><strong>fla-</strong></span> 
     </span>
     <span class='ocr_line' id='line_1_36' title="bbox 121 2141 1247 2194; baseline -0.002 -14"><span class='ocrx_word' id='word_1_238' title='bbox 121 2141 207 2193; x_wconf 82' lang='lat' dir='ltr'><strong>gitii</strong></span> <span class='ocrx_word' id='word_1_239' title='bbox 220 2141 496 2182; x_wconf 88' lang='lat' dir='ltr'><strong>insimularem.</strong></span> <span class='ocrx_word' id='word_1_240' title='bbox 527 2143 660 2193; x_wconf 87' lang='lat' dir='ltr'><strong>Negas</strong></span> <span class='ocrx_word' id='word_1_241' title='bbox 679 2142 782 2180; x_wconf 90' lang='lat' dir='ltr'><strong>enim</strong></span> <span class='ocrx_word' id='word_1_242' title='bbox 802 2150 839 2181; x_wconf 90' lang='lat' dir='ltr'><strong>te</strong></span> <span class='ocrx_word' id='word_1_243' title='bbox 864 2141 1040 2194; x_wconf 72' lang='lat' dir='ltr'><strong>reperire,</strong></span> <span class='ocrx_word' id='word_1_244' title='bbox 1062 2141 1131 2193; x_wconf 79' lang='lat' dir='ltr'><strong>qui</strong></span> <span class='ocrx_word' id='word_1_245' title='bbox 1150 2141 1247 2179; x_wconf 89' lang='lat' dir='ltr'><strong>mihi</strong></span> 
     </span>
     <span class='ocr_line' id='line_1_37' title="bbox 123 2195 1249 2247; baseline 0 -14"><span class='ocrx_word' id='word_1_246' title='bbox 123 2195 162 2234; x_wconf 81' lang='lat' dir='ltr'><strong>id</strong></span> <span class='ocrx_word' id='word_1_247' title='bbox 177 2195 217 2234; x_wconf 90' lang='lat' dir='ltr'><strong>in</strong></span> <span class='ocrx_word' id='word_1_248' title='bbox 231 2205 402 2237; x_wconf 87' lang='lat' dir='ltr'><strong>mentem</strong></span> <span class='ocrx_word' id='word_1_249' title='bbox 417 2197 572 2236; x_wconf 82' lang='lat' dir='ltr'><strong>venerit.</strong></span> <span class='ocrx_word' id='word_1_250' title='bbox 603 2196 691 2247; x_wconf 86' lang='lat' dir='ltr'><strong>Ego</strong></span> <span class='ocrx_word' id='word_1_251' title='bbox 709 2204 854 2245; x_wconf 78' lang='lat' dir='ltr'><strong>autem,</strong></span> <span class='ocrx_word' id='word_1_252' title='bbox 869 2197 960 2247; x_wconf 84' lang='lat' dir='ltr'><strong>quia</strong></span> <span class='ocrx_word' id='word_1_253' title='bbox 979 2196 1191 2247; x_wconf 72' lang='lat' dir='ltr'><strong>scripseras,</strong></span> <span class='ocrx_word' id='word_1_254' title='bbox 1213 2202 1249 2233; x_wconf 87' lang='lat' dir='ltr'><strong>tc</strong></span> 
     </span>
    </p>
   </div>
  </div>
 </body>
</html>
