1498 2401
238 110 327 149 *AD
354 110 410 160 Q.
440 110 738 150 FRATREM.
769 110 869 150 Lm.
891 111 950 150 11.
980 112 1018 149 3.
1116 111 1191 150 301

64 230 168 258 rum.
187 217 346 269 Ejectus
360 219 408 258 de
422 219 574 258 Rostris
589 218 771 258 Clodius:
790 232 834 258 ac
852 231 920 258 nos
935 232 1088 272 quoque
1107 226 1193 258 tum

63 273 252 324 fugimus,
271 286 320 312 ne
342 273 437 325 quid
462 273 503 311 in
529 274 655 312 turba
685 274 849 312 Senatus
878 282 1033 312 vocatus
1055 274 1096 312 in
1124 286 1192 312 cu-

61 327 181 366 riam=
213 328 423 379 Pompeius
442 327 616 366 domum.
646 328 786 379 Neque
801 341 871 379 ego
885 334 1013 367 tamen
1027 328 1068 366 in
1084 341 1194 367 sena-

61 388 162 431 tum,
182 394 231 420 ne
256 389 323 420 aut
349 382 396 420 de
417 382 532 421 tantis
555 383 669 420 rebus
693 389 872 430 tacerem,
899 389 980 430 aut,
999 383 1040 420 in
1066 383 1185 421 Pom-

59 436 146 487 peio
164 436 416 483 defendendo,
444 439 553 479 (nam
580 436 613 474 is
638 438 862 487 carpebatur
887 450 910 474 a
928 436 1086 484 Bibulo,
1107 437 1189 476 Cu-

59 490 180 539 rione,
200 490 387 538 Favonio,
403 490 563 529 Servilio
583 488 681 539 filio)
698 490 846 528 animos
864 492 1054 528 bonorum
1069 491 1188 529 offen-

58 543 201 582 derem.
228 545 308 583 Res
327 544 366 582 in
382 551 579 596 posterum
591 543 711 583 dilata
722 551 789 583 est.
819 544 977 582 Clodius
997 544 1037 582 in
1053 545 1187 593 Quiri-

58 598 163 637 nalia
179 599 362 650 produxit
380 599 496 637 diem.

114 653 166 691 A.
186 653 224 692 d.
249 652 312 693 VI
332 653 394 692 Id.
421 653 534 692 Febr.
563 660 715 693 senatus
744 654 794 692 ad
814 652 1007 704 Apollinis
1029 653 1119 702 fuit,
1140 661 1186 692 ut

56 707 268 760 Pompeius
289 707 445 746 adesset.
476 708 579 747 Acta
596 721 655 747 res
674 716 730 747 est
757 708 922 760 graviter
939 720 963 746 a
981 709 1180 759 Pompeio.

57 760 120 800 Eo
138 762 200 800 die
220 762 318 800 nihil
336 762 548 813 perfectum
568 769 634 801 est.
663 763 718 801 A.
738 763 775 801 d.
791 763 854 801 VI
875 762 935 800 Id.
956 762 1006 800 ad
1025 762 1182 813 Apolli-

57 816 118 854 nis
146 816 533 855 senatus-consultum
553 817 700 856 factum
725 824 794 866 est,
826 818 854 840 ‘⁶
875 816 950 863 Ea,
972 830 1060 868 quae
1082 816 1183 855 facta

58 879 182 909 essent
213 885 247 909 a.
272 870 310 909 d.
343 871 454 909 VIII
489 870 599 919 Idus,
633 878 764 910 contra
793 871 1073 922 rempublicam
1106 884 1185 909 esse

58 924 200 963 facta.”
229 925 291 963 Eo
320 925 382 963 die
401 925 498 964 Cato
528 932 584 964 est
613 925 858 964 vehementer
884 925 926 962 in
950 925 1183 976 Pompeium

57 978 252 1025 invectus3
284 987 320 1018 et
340 992 430 1017 eum
443 979 610 1018 oratione
622 979 822 1031 perpetua,
842 986 1043 1030 tamquam
1058 992 1183 1026 reum,

57 1034 257 1072 accusavit.
286 1034 350 1072 De
376 1046 439 1072 me
457 1034 595 1081 multa,
624 1047 686 1072 me
704 1033 838 1082 invito,
859 1046 949 1072 cum
968 1034 1058 1071 mea
1077 1046 1184 1071 sum-

55 1088 123 1126 ma
140 1088 272 1135 laude,
299 1088 409 1126 dixit.
452 1087 556 1127 Cum
581 1088 685 1126 illius
704 1089 744 1126 in
763 1101 826 1126 me
843 1087 1044 1139 perfidiam
1062 1087 1185 1126 incre·-

55 1150 177 1194 paret,
198 1142 352 1181 auditus
373 1150 427 1181 est
445 1155 588 1193 magno
607 1142 757 1181 silentio
784 1142 1074 1180 malevolorum.
1104 1142 1184 1180 Re-

56 1197 210 1248 spondit
237 1197 271 1235 ei
301 1197 543 1236 vehementer
573 1197 797 1249 Pompeius,
829 1196 1091 1247 Crassumque
1119 1196 1185 1234 de-

56 1251 234 1302 scripsit:
266 1251 440 1303 dixitque
468 1258 610 1303 aperte,
641 1264 680 1289 se
706 1250 954 1289 munitiorem
982 1251 1030 1288 ad
1059 1258 1186 1288 custo-

56 1305 235 1344 diendam
256 1305 375 1344 vitam
403 1318 514 1344 suam
538 1305 632 1352 sore,
663 1318 782 1357 quam
801 1304 1011 1343 Africanus
1036 1304 1184 1352 fuisset,

56 1372 173 1411 quem
204 1359 249 1399 C.
272 1361 401 1398 Carbo
430 1359 692 1398 interemisset.
740 1360 879 1410 Itaque
907 1371 1060 1410 magnae
1087 1359 1186 1397 mihi

53 1427 113 1453 res
129 1415 211 1464 jam
232 1414 377 1452 moveri
395 1414 634 1452 videbantur.
665 1415 706 1452 N
709 1427 771 1452 am
794 1413 1004 1464 Pompeius
1024 1413 1105 1451 haec
1123 1413 1183 1451 in-

53 1468 206 1519 telligit,
227 1468 504 1520 nobiscumque
523 1468 795 1515 communicat,
817 1467 972 1505 insidias
992 1467 1080 1505 vitae
1104 1482 1182 1506 suae

53 1522 161 1569 fieri3
192 1523 237 1561 C.
253 1522 441 1561 Catonem
456 1536 479 1560 a
496 1522 632 1560 Crasso
651 1521 853 1561 sustentari
870 1536 882 1567 ς
913 1521 1049 1559 Clodio
1067 1535 1185 1573 pecu-

52 1577 160 1615 niam
179 1576 443 1629 suppeditari3
475 1584 687 1628 utrumque
707 1583 743 1615 et
762 1578 810 1614 ab
831 1589 888 1623 eo,
911 1583 948 1614 et
960 1589 983 1613 a
997 1574 1179 1624 Curione,

52 1631 213 1679 Bibulo,
246 1631 464 1683 caeterisque
491 1630 568 1669 suis
587 1630 915 1677 obtrectatoribus,
938 1630 1178 1669 confirmari:

52 1685 302 1724 vehementer
331 1698 409 1723 esse
426 1684 721 1736 providendum,
751 1697 799 1723 ne
818 1684 1071 1736 opprimatur,
1092 1697 1183 1723 con-

54 1739 220 1778 cionatio
248 1739 316 1777 illo
346 1739 490 1791 populo
522 1752 546 1777 a
573 1752 612 1777 se
637 1752 756 1791 prope
779 1739 955 1786 alienato,
983 1738 1182 1777 nobilitate

48 1793 226 1843 inimica,
246 1806 324 1832 non
344 1807 455 1845 aequo
480 1800 628 1842 senatu,
652 1794 856 1843 juventute
877 1792 1065 1844 improba.
1101 1791 1184 1831 Ita-

53 1861 131 1899 que
157 1861 195 1887 se
214 1855 423 1899 comparat,
446 1847 623 1886 homines
643 1860 691 1886 ex
716 1847 816 1899 agris
835 1847 1001 1886 arcessit.
1030 1847 1181 1898 Operas

53 1909 183 1940 autem
204 1915 291 1940 suas
311 1901 471 1941 Clodius
486 1901 697 1941 confirmat.
727 1902 875 1940 Manus
895 1901 945 1939 ad
963 1900 1184 1948 Quirinalia

50 1963 235 2008 paratur:
265 1956 308 1994 in
327 1969 371 1995 eo
389 1957 514 1994 multo
529 1968 662 1994 sumus
681 1955 892 2008 superiores
911 1955 1030 2006 ipsius
1050 1955 1179 2007 copiis.

53 2010 130 2049 Sed
148 2023 292 2062 magna
315 2022 454 2048 manus
474 2023 523 2049 ex
548 2009 691 2048 Piceno
716 2017 754 2048 et
774 2009 904 2048 Gallia
924 2017 1178 2060 exspectatur,

51 2070 97 2102 ut
117 2065 234 2103 etiam
254 2064 412 2104 Catonis
430 2063 692 2117 rogationibus
710 2064 758 2103 de
784 2064 936 2102 Milone
955 2072 993 2102 et
1011 2063 1180 2102 Lentulo

46 2118 279 2158 resistamus.

102 2173 156 2210 A.
177 2172 216 2210 d.
237 2173 301 2212 IV
320 2171 430 2220 Idus,
451 2171 606 2213 Sextius
632 2175 681 2214 ab
700 2171 825 2212 indice
843 2172 918 2210 Cn.
939 2171 1074 2219 Nerio,
1096 2171 1179 2208 Pu-

49 2226 172 2278 pinia,
203 2227 251 2266 de
282 2227 431 2266 ambitu
462 2230 518 2267 est
551 2229 794 2282 postulatus:
834 2233 871 2264 et
902 2225 1036 2265 eodem
1064 2224 1126 2263 die
1154 2238 1178 2264 a

106 2282 276 2334 (Epist.)
297 2292 403 2322 vox..
425 2292 499 2321 111.
826 2282 851 2318 2
868 2291 898 2318 D
