1477 2365
210 91 259 127 12
416 88 499 127 AD
527 87 816 129 ATTICUM.
848 89 947 127 Lm.
970 88 1047 127 IX.
1077 90 1114 133 7.

348 219 405 257 Μη
429 229 488 261 μοι
508 229 666 264 γεργειην
688 220 850 263 κεφαλὴν
871 212 984 250 ἓεινσιο
1005 218 1169 263 πελωρου

203 301 431 353 intorqueat.
457 302 685 340 Mirandum
698 302 801 340 enim
814 302 853 339 in
866 300 1027 338 modum
1042 300 1183 339 Cnaeus
1197 306 1324 340 noster

204 355 355 393 Sullani
388 357 494 406 regni
527 356 817 394 similitudinem
854 354 1082 405 concupivit.
1125 353 1234 397 Ειδως
1267 370 1321 392 σοι

206 415 317 454 heym.
347 409 459 447 Nihil
482 410 547 448 ille
566 422 741 461 unquam
759 410 890 447 minus
910 410 1070 446 obscure
1088 407 1190 446 tulit.
1220 407 1323 446 Cum

204 461 325 501 hocne
344 462 474 513 igitur,
496 463 659 515 inquies,
688 476 767 501 esse
787 463 843 500 vis
861 465 878 501 ζ)
909 461 1153 500 Beneficium
1171 474 1323 513 sequor.

203 515 300 553 mihi
320 516 441 562 crede,
455 529 531 555 non
547 530 715 564 causam,
737 524 779 555 ut
794 517 834 554 in
849 516 1014 562 Milone,
1029 523 1074 554 ut
1083 515 1124 553 in
1136 542 1147 553 .
1159 542 1169 552 .
1247 515 1324 555 Sed

207 568 289 608 haec
307 570 503 609 hactenus.

260 623 387 662 Causa
405 624 521 676 igitur
551 637 627 663 non
647 627 748 663 bona
767 632 823 663 est
837 624 855 661 ’ἓ
886 624 1030 670 Immo,
1054 622 1228 674 optima:
1259 623 1326 662 sed

206 684 342 727 agetur
372 678 604 728 (memento)
643 679 857 716 foedissime.
901 677 1095 722 Primum,
1122 677 1325 716 consilium

207 738 276 777 aet,
297 731 481 770 suffocare
495 733 644 770 Urbem
665 739 701 770 et
721 733 877 770 Italiam
903 731 1019 778 fame,
1040 730 1190 778 deinde,
1216 744 1325 782 agros

205 791 365 832 vastare,
398 798 520 831 urere,
554 785 725 837 pecuniis
754 786 989 836 locupletum
1017 796 1095 822 non
1125 784 1323 823 abstinere.

205 837 296 885 Sed,
328 851 417 876 cum
447 839 581 878 eadem
611 847 783 877 metuam
813 841 861 877 ab
891 839 964 876 hac
988 846 1124 889 parte;
1156 838 1188 876 si
1220 838 1326 877 illinc

205 891 433 930 beneficium
453 905 529 931 non
549 894 611 937 sit,
632 894 769 931 rectius
788 900 921 944 putem
940 891 1092 943 quidvis
1117 891 1223 930 domi
1240 905 1327 944 per·
1354 941 1357 946 ι

206 945 298 996 peti.
319 945 395 983 Sed
406 946 460 984 ita
474 947 657 985 meruisse
665 947 778 984 fflum
792 947 839 984 de
850 959 913 984 me
927 954 1036 996 puto,
1047 952 1091 982 ut
1107 959 1329 997 αχαριστιας

207 998 351 1037 crimen
382 1000 510 1038 subire
543 1012 619 1038 non
643 1000 833 1038 audeam:
865 1011 1104 1051 quamquam
1128 1011 1153 1036 a
1181 1005 1219 1036 te
1243 1000 1326 1048 eJus

212 1065 368 1103 quoque
387 1053 441 1092 rei
455 1054 561 1102 justa
578 1054 746 1091 defensio
766 1061 821 1092 est
839 1053 1038 1104 explicata.

262 1106 326 1144 De
344 1107 541 1158 triumpho
560 1107 631 1146 tibi
649 1108 832 1146 3553111101·
847 1121 859 1153 3
890 1119 1006 1158 quem
1026 1104 1184 1158 quidem
1201 1112 1328 1145 totum

208 1159 318 1198 facile
337 1168 374 1198 et
391 1161 554 1199 libenter
571 1162 754 1210 abjecero.

262 1214 429 1265 Egregie
456 1216 577 1265 probo
610 1215 705 1261 fore,
740 1222 799 1262 ut,
834 1214 931 1253 dum
963 1227 1136 1265 agamus,
1163 1215 1179 1251 ὅ
1217 1222 1328 1266 roto-ag

209 1267 336 1315 ὡραιος
350 1270 529 1319 obrepat.
520 1284 529 1292 ·
562 1268 595 1306 si
609 1268 737 1316 modo,
753 1268 898 1320 inquis,
919 1269 1008 1307 satis
1021 1268 1087 1306 ille
1098 1268 1170 1306 erit
1180 1268 1326 1306 firmus.

209 1321 284 1359 Est
315 1321 461 1360 firmior
490 1322 605 1360 etiam
636 1335 754 1373 quam
779 1324 1023 1374 putabamus.
1053 1321 1117 1360 De
1145 1321 1218 1360 isto
1239 1322 1328 1360 licet

211 1375 308 1412 bene
327 1388 463 1426 speres.
494 1375 683 1414 Promitto
703 1376 787 1424 tibi,
805 1376 837 1414 si
855 1376 1010 1420 valebit,
1026 1374 1196 1437 tegulam
1214 1375 1327 1413 illum

211 1428 253 1465 in
293 1429 411 1466 Italia
440 1429 590 1467 nullam
626 1430 860 1468 relicturum.
905 1430 1013 1468 Tene
1041 1429 1160 1480 igitur
1194 1429 1326 1468 socio?

214 1481 358 1520 Contra
378 1483 627 1544 (mehercule)
650 1496 783 1522 meum
805 1483 1010 1532 judicium,
1030 1491 1067 1521 et
1095 1490 1226 1522 contra
1244 1495 1328 1522 om.-

215 1535 325 1574 nium
345 1536 591 1588 antiquorum
610 1537 897 1576 auctoritatem:
928 1549 998 1575 nec
1016 1544 1097 1575 tam
1114 1543 1160 1575 ut
1175 1536 1244 1576 ina
1260 1536 1328 1575 ad-

207 1590 356 1640 juvem,
390 1603 507 1650 quam
536 1598 581 1628 ut
610 1590 691 1628 haec
718 1604 767 1629 ne
796 1591 961 1638 videam,
987 1590 1099 1642 cupio
1126 1589 1329 1633 discedere

213 1643 310 1681 Noli
347 1644 450 1682 enim
476 1652 611 1695 putare
635 1645 849 1683 tolerabiles
876 1645 1014 1683 horum
1046 1643 1226 1692 insanias,
1258 1656 1330 1682 nec

214 1696 435 1735 uniusmodi
453 1697 546 1735 fore.
574 1698 662 1736 Etsi
680 1699 774 1749 quid
793 1705 830 1736 te
843 1698 983 1736 horum
1000 1697 1134 1748 fugit?
1162 1698 1326 1748 legibus,

210 1750 379 1799 judiciis,
401 1758 533 1789 senatu
553 1751 718 1799 sublato,
737 1751 930 1800 libidines,
950 1751 1140 1799 audacias,
1161 1758 1326 1798 sumtus,

212 1811 411 1855 egestates,
431 1811 487 1842 tot
507 1805 836 1855 egentissimorum
846 1805 1064 1866 hominum,
1076 1816 1146 1843 nec
1163 1805 1329 1856 privatas

213 1869 322 1908 posse
340 1871 412 1904 res,
432 1870 501 1896 nec
518 1871 599 1896 rem
610 1859 820 1910 publicam,
840 1859 1035 1898 sustinere.

267 1912 469 1950 Abeamus
497 1911 614 1962 igitur
645 1912 734 1951 inde
763 1912 936 1964 qualibet
965 1912 1230 1965 navigatione:
1259 1911 1329 1951 etsi

215 1964 257 2003 id
285 1965 474 2025 quidemn
487 1973 533 2003 ut
556 1965 625 2003 tibi
657 1966 876 2005 videbitur.
904 1966 970 2004 sed
1001 1976 1102 2006 certe
1130 1968 1326 2006 abeamus.

213 2018 389 2057 8613111115
416 2018 534 2067 enim,
558 2019 629 2065 (id,
650 2020 754 2080 quod
773 2026 982 2072 exspectas)
1001 2020 1096 2072 quid
1124 2018 1326 2059 Brundisii

214 2079 344 2110 actum
373 2071 433 2110 sit.
462 2071 582 2111 Bonis
601 2072 690 2111 viris
708 2074 812 2134 quod
830 2074 884 2112 ais
902 2073 1068 2124 probari,
1089 2086 1177 2124 quae
1200 2072 1327 2112 adhuc

210 2125 428 2171 fecerimus,
460 2126 621 2177 scirique
645 2128 693 2164 ab
723 2127 768 2165 115
790 2140 859 2166 1105
884 2139 960 2165 11011
985 2127 1186 2178 profectos,
1217 2126 1328 2164 valde

214 2178 387 2228 gaudeo;
418 2179 449 2217 si
472 2188 526 2217 est
545 2192 647 2218 nunc
665 2180 768 2218 ullus
786 2180 976 2231 gaudendi
995 2181 1112 2219 locus.
1141 2179 1214 2226 De
1223 2179 1327 2220 Len,-
