1498 2401
183 77 264 115 2⁴26
381 79 465 118 AD
493 80 770 122 A'l'HCUM.
801 82 902 121 Lm.
923 81 1018 122 XV.
1051 81 1114 127 17.

181 187 296 224 verba
313 186 411 225 mihi
429 188 512 227 dari
529 189 640 229 facile
658 191 782 243 patior
798 191 840 229 in
857 190 929 230 hoc
943 205 955 238 3
984 202 1125 243 meque
1141 189 1304 229 libenter

179 241 333 290 praebeo
347 242 559 282 credulum.
589 245 671 293 Tu,
691 245 821 293 velim,
841 245 873 284 si
892 245 987 298 quid
1005 245 1076 284 tibi
1094 250 1150 283 est
1176 257 1199 282 a
1218 242 1305 282 Sta-

181 292 236 354 tio
255 295 455 348 scriptum,
472 299 576 350 quod
590 298 776 352 pertineat
787 300 835 338 ad
852 312 930 350 me,
951 299 1148 339 certiorem
1165 310 1230 336 me
1247 295 1306 334 fa-

182 359 272 386 elas.

238 403 366 443 Narro
393 406 488 453 tibi;
518 408 600 448 haec
628 409 712 448 loca
735 416 896 447 venusta
920 414 1022 456 sunt,
1043 406 1174 446 abdita
1191 410 1304 453 certe,

182 461 234 505 et,
251 457 282 495 si
297 459 392 510 quid
403 462 562 501 scribere
577 463 684 512 velis,
700 464 748 501 ab
762 462 912 501 arbitris
925 463 1067 501 libera:
1088 460 1168 509 sed,
1181 458 1307 498 nescio

183 513 392 562 quomodo,
420 530 513 559 οικος
540 524 658 567 φιλος.
706 518 845 569 Itaque
863 529 927 555 me
945 517 1114 555 referunt
1131 514 1247 566 pedes
1265 512 1308 552 in

183 563 465 607 Tusculanum.
492 570 547 609 Et
560 578 691 610 tamen
709 571 790 609 haec
803 574 1039 622 ῥωπογραφια
1053 569 1189 621 ripulae
1203 568 1309 607 vide-

183 625 247 656 tur
261 619 439 661 habitura
451 625 609 664 celerem
625 626 850 663 satietatem.
879 623 1076 676 Equidem
1089 623 1204 662 etiam
1217 623 1309 674 plu-

183 672 264 711 vias
289 683 434 726 metuo,
474 679 505 717 si
546 681 575 702 “
606 679 881 731 Prognostica”
911 685 1040 717 nostra
1067 690 1157 716 vera
1190 683 1303 715 sunt:

185 739 290 766 ranae
316 730 419 769 enim
446 734 704 783 ῥητορευουσιν.
735 733 802 771 Tu
824 736 989 786 (quaeso)
1004 732 1065 770 fac
1090 731 1222 779 sciam,
1242 730 1312 769 ubi

185 780 358 822 Brutum
373 792 562 835 nostrum,
583 794 620 825 et
639 800 717 838 quo
735 787 811 837 die,
831 787 958 826 videre
972 786 1127 838 possim.

404 946 522 999 (17.)
552 947 767 990 CICERO
795 948 1022 989 ATTICO
1051 948 1094 988 S.

244 1053 356 1094 Duas
370 1057 498 1109 accepi
511 1058 692 1110 postridie
711 1057 822 1107 Idus,
842 1058 1003 1097 alteram
1023 1070 1067 1096 eo
1085 1056 1148 1096 die
1165 1056 1312 1106 datam,

187 1108 348 1147 alteram
369 1110 517 1151 Idibus.
563 1113 677 1151 Prius
696 1112 815 1164 igitur
844 1112 1043 1164 superiori.
1083 1111 1147 1150 De
1171 1112 1312 1159 Bruto,

189 1176 279 1201 cum
306 1164 409 1203 scies.
447 1166 510 1204 De
536 1168 739 1206 consulum
768 1167 856 1206 ficto
880 1167 1017 1206 timore
1049 1178 1313 1217 cognoveram.

189 1217 276 1256 Sica
290 1219 408 1267 enim,
432 1228 687 1271 φιλοστοργως
704 1221 769 1259 ifle
788 1221 961 1274 quidem,
983 1220 1047 1259 sed
1067 1220 1316 1259 tumultuosi-

189 1285 250 1319 us,
264 1273 313 1310 ad
331 1285 395 1311 me
414 1274 530 1313 etiam
548 1276 655 1313 illam
676 1276 931 1328 suspicionem
948 1275 1118 1327 pertulit.
1148 1273 1258 1322 Quid
1271 1281 1316 1312 tu

190 1333 321 1364 autem
337 1329 355 1366 ‚⁹
386 1344 435 1365 τα
448 1344 512 1378 μευ
532 1328 721 1378 malma?
752 1331 906 1368 nullum
921 1329 1024 1367 enim
1043 1330 1204 1367 verbum
1218 1341 1241 1366 a
1255 1328 1317 1367 Si-

189 1381 306 1431 regio.
345 1382 439 1420 Non
456 1383 592 1434 placet.
632 1383 695 1422 De
715 1384 894 1423 Plaetorio
923 1383 1047 1422 vicino
1072 1390 1140 1421 tuo
1164 1395 1317 1434 permo-

189 1433 284 1473 leste
302 1436 389 1483 tuli,
418 1450 655 1489 quemquam
673 1438 779 1490 prius
803 1438 968 1486 audisse,
997 1449 1116 1489 quam
1137 1449 1212 1475 me.
1254 1435 1318 1475 De

192 1489 290 1539 Syro
314 1490 534 1541 prudenter.
578 1491 626 1530 L.
654 1492 875 1530 Antonium
904 1505 973 1544 per
997 1492 1058 1530 M.
1078 1490 1251 1539 fratrem,
1271 1498 1317 1529 ut

191 1543 367 1593 arbitror,
405 1544 590 1584 facillime
632 1546 850 1585 deterrebis.
896 1545 1068 1584 Autroni
1097 1545 1202 1583 vetui
1230 1544 1316 1589 (sed

190 1597 366 1636 nondum
385 1611 579 1651 acceperas
590 1600 752 1649 literas),
773 1613 842 1640 nec
860 1600 1056 1652 cuiquam,
1077 1599 1149 1638 nisi
1169 1599 1218 1638 L.
1239 1599 1318 1637 Fa-

192 1650 257 1689 dio
283 1651 397 1691 aedili.
438 1653 568 1692 Aliter
595 1654 699 1693 enim
725 1667 795 1694 nec
817 1662 926 1694 caute
945 1667 1014 1693 nec
1035 1655 1124 1704 jure
1147 1652 1231 1692 fieri
1248 1665 1318 1706 po-

195 1711 282 1743 test.

248 1759 367 1807 Quod
381 1761 511 1800 scribis
529 1763 599 1800 tibi
618 1762 746 1802 deesse
766 1763 837 1803 HS
851 1763 898 1812 C,
919 1776 1006 1814 quae
1023 1761 1198 1801 Ciceroni
1208 1774 1318 1799 cura-

194 1820 235 1852 ta
253 1814 328 1852 sint
344 1829 356 1861 3
387 1815 503 1853 velim
523 1818 570 1854 ab
583 1817 702 1855 Erote
721 1831 884 1869 quaeras..
904 1817 974 1856 ubi
989 1817 1037 1855 sit
1055 1828 1199 1855 merces
1211 1815 1319 1853 insu-

194 1868 335 1906 larum.
365 1870 556 1908 Arabioni
580 1870 628 1909 de
647 1871 743 1910 Sitio
768 1871 867 1910 nihil
891 1871 1041 1909 irascor.
1078 1869 1166 1917 Ego
1185 1869 1232 1907 de
1257 1869 1320 1907 iti-

194 1934 298 1970 nere,
317 1923 391 1962 nisi
405 1924 593 1975 explicato
611 1923 711 1976 [A],
724 1925 823 1963 nihil
837 1925 982 1976 cogito:
1007 1924 1112 1976 quod
1124 1923 1228 1962 idem
1248 1922 1319 1961 tibi

194 1976 315 2014 videri
332 1984 439 2029 puto.
471 1977 604 2017 Habes
622 1979 671 2017 ad
683 1979 916 2031 superiorem
931 1995 939 2017 ι
972 1991 1076 2017 nunc
1090 1977 1182 2016 audi
1196 1976 1246 2016 ad
1263 1977 1321 2016 al-

195 2036 331 2069 teram.

250 2084 318 2123 Tu
336 2098 425 2124 vero
443 2084 550 2133 facis,
574 2093 619 2124 ut
644 2087 788 2137 omnia,
810 2087 915 2140 quod
934 2086 1103 2127 Serviliae
1120 2097 1197 2123 non
1217 2084 1321 2133 deoe,

196 2137 237 2175 id
255 2145 324 2187 est,
345 2140 483 2179 Bruto.
524 2140 588 2179 De
616 2141 750 2193 regina
783 2141 933 2193 gaudeo
962 2149 999 2180 te
1024 2152 1103 2179 non
1121 2139 1320 2185 laborare3

195 2199 294 2232 certe
314 2193 429 2233 etiam
449 2195 519 2235 tibi
539 2195 705 2247 probari.
736 2196 866 2235 Erotis
881 2195 1046 2235 rationes
1065 2201 1102 2233 et
1120 2206 1168 2232 ex
1180 2191 1325 2232 Tirone
