1513 2370
355 69 442 108 AD
466 68 756 108 ATTICUM.
783 69 884 107 Lm.
905 69 1007 109 XII.
1040 70 1106 109 13.
1217 70 1294 116 107

383 177 503 228 (ll.)
536 177 751 218 CICERO
780 176 1000 217 ATTICO
1029 180 1070 219 S.

219 286 331 325 Male
349 285 397 324 de
416 286 502 324 Seio
520 301 530 324 ε
561 287 627 325 sed
646 286 778 326 omnia
795 287 969 325 humana
986 287 1200 326 tolerabilia
1218 287 1293 326 du-

166 341 311 379 cenda:
341 340 415 391 ipsi
445 341 549 379 enim
575 341 670 392 quid
695 341 858 379 sumus?
887 349 954 379 aut
978 354 1096 393 quam
1126 342 1193 380 diu
1213 342 1296 382 haec

167 394 336 433 curaturi
365 395 529 433 sumus?
557 395 620 433 Ea
653 395 864 443 videamus,
893 409 980 447 quae
1010 395 1059 433 ad
1085 408 1153 434 nos
1171 397 1295 447 magis

165 449 372 500 pertinent,
393 461 462 487 nec
491 457 620 487 tamen
640 450 765 487 multo
782 465 792 487 :
825 450 919 501 quid
938 463 1098 500 agamus
1118 451 1165 488 de
1186 463 1295 489 sena-

165 510 221 540 tu.
251 503 320 550 Et,
341 510 386 540 ut
405 515 453 541 ne
479 504 574 555 quid
599 504 904 554 praetermittam,
934 503 1132 542 Caesonius
1156 504 1205 542 ad
1230 517 1295 543 me

162 556 293 595 literas
312 557 430 603 misit,
463 558 706 596 Postumiam
727 558 891 609 Sulpicii
915 558 1076 596 domum
1102 558 1152 596 ad
1171 572 1210 596 se
1229 572 1295 596 ve-

163 610 275 649 nisse.
304 611 371 649 De
395 612 573 663 Pompeii
595 612 738 663 Magni
760 612 855 659 filia,
879 612 950 650 tibi
977 612 1163 663 rescripsi,
1195 612 1295 650 nihil

163 677 228 703 me
244 665 318 704 hoc
336 673 507 717 tempore
527 665 701 716 cogitare.
733 666 909 704 Alteram
923 679 1014 704 vero
1031 666 1156 713 illam,
1173 679 1294 718 quam

163 727 208 757 tu
223 720 368 767 scribis,
384 728 495 771 puto,
508 720 621 758 nosti.
642 720 757 758 Nihil
772 720 851 758 vidi
862 720 1011 759 foedius.
1042 720 1119 759 Sed
1137 720 1291 761 adsum·

173 772 320 813 Coram
338 774 469 825 igitur.

218 827 437 879 obsignata
462 828 638 880 epistola,
669 828 798 879 accepi
822 835 920 867 tuas.
950 828 1092 867 Atticae
1118 828 1293 868 hilarita-

160 889 243 921 tem
260 882 422 922 libenter
440 883 555 921 audio
571 897 582 921 ε
613 883 947 922 commotiunculis
969 898 1200 936 συμπασχω.

379 1043 498 1092 (12.)
527 1040 744 1081 CICERO
772 1040 1000 1081 ATTICO
1029 1044 1071 1082 S.

216 1150 283 1190 De
310 1151 412 1199 dote,
434 1158 541 1189 tanto
565 1150 690 1201 magis
707 1163 913 1202 perpurga.
942 1150 1061 1189 Balbi
1079 1151 1184 1202 regia
1201 1164 1292 1191 con„

163 1206 260 1245 ditio
290 1215 347 1245 est
375 1204 590 1256 delegandi.
621 1204 793 1255 Quoquo
823 1204 940 1243 modo
970 1204 1123 1243 confice.
1156 1206 1292 1258 Turpe

163 1269 234 1309 est,
265 1274 348 1299 rem
372 1259 601 1311 impeditam
624 1259 761 1308 jacere.
792 1257 928 1296 Insula
959 1259 1124 1310 Arpinas
1150 1259 1291 1298 habere

161 1322 287 1367 potest
312 1326 536 1367 germanam
558 1315 790 1350 αποὲεωσιντ
822 1313 890 1351 sed
917 1326 1060 1361 vereor,
1092 1325 1141 1351 ne
1166 1314 1293 1352 mino-

160 1382 244 1408 rem
274 1385 382 1418 τιμην
412 1369 552 1407 habere
581 1366 766 1405 videatur.
799 1364 1030 1418 [Εκτροπος]
1064 1375 1130 1405 est.
1162 1367 1290 1418 Igitur

157 1424 316 1465 ,animus
341 1423 383 1461 in
405 1422 554 1469 hortis3
584 1433 681 1473 quos
706 1428 837 1460 tamen
864 1421 1082 1473 inspiciam,
1110 1434 1200 1460 cum
1227 1435 1292 1461 ve-

161 1490 266 1517 nero.

216 1532 281 1570 De
300 1532 484 1584 Epicuro,
500 1537 546 1569 ut
564 1531 666 1570 voles
683 1543 695 1577 ;
726 1530 796 1568 etsi
814 1533 1089 1580 μεθαρμοζομαι
1109 1530 1150 1569 in
1165 1538 1293 1583 poste-

158 1599 251 1626 rum
277 1599 398 1638 genus
425 1587 498 1624 hoc
522 1597 787 1637 personarum.
814 1584 1045 1623 Incredibile
1074 1593 1144 1635 est,
1172 1599 1294 1637 quam

161 1641 380 1693 eaquidam
391 1640 599 1693 requirant.
628 1639 695 1677 Ad
709 1639 888 1691 antiquos
901 1638 1019 1690 igitur
1035 1653 1046 1676 ε
1070 1654 1293 1689 ανεμεσητον

160 1711 240 1746 γαρ.
271 1695 386 1733 Nihil
413 1696 550 1741 habeo,
580 1694 631 1732 ad
654 1701 691 1732 te
717 1693 823 1746 quod
846 1693 1105 1745 perscribam:
1136 1693 1202 1732 sed
1231 1702 1290 1732 ta-

161 1761 254 1788 men
271 1749 422 1788 institui
441 1748 612 1802 quotidie
626 1748 792 1797 mittere,
806 1755 851 1785 ut
870 1747 1021 1786 eliciam
1036 1755 1122 1787 tuas
1132 1748 1262 1787 literas
1273 1762 1291 1794 ς

160 1815 240 1842 non
259 1817 338 1855 quo
357 1803 505 1857 aliquid
529 1816 578 1842 ex
603 1803 663 1841 his
689 1809 937 1854 exspectem3
968 1801 1034 1840 sed
1059 1802 1184 1841 nescio
1213 1815 1292 1854 quo

159 1857 276 1896 modo
295 1865 426 1898 tamen
444 1864 634 1910 exspecto.
663 1856 811 1904 Quare,
839 1857 917 1895 sive
934 1856 1054 1899 habes
1079 1857 1190 1908 quid,
1211 1857 1292 1896 sive

160 1912 260 1951 nihil
277 1912 411 1963 habes,
431 1913 552 1952 scribe
569 1919 700 1950 tamen
718 1910 868 1963 aliquid
883 1924 895 1957 ;
926 1918 1040 1962 teque
1059 1924 1163 1950 cura.

381 2019 499 2074 (13.)
531 2019 748 2062 CICERO
777 2016 994 2059 ATTICO
1024 2020 1066 2059 s,

213 2129 447 2171 commovet
481 2142 546 2169 me
586 2130 746 2177 Attiea;
787 2129 859 2169 etsi
897 2128 1081 2168 assentior
1120 2128 1292 2169 Cratero.

163 2185 283 2224 Bruti
300 2185 436 2234 literae,
466 2185 618 2238 scriptae
642 2193 679 2226 et
701 2185 908 2239 prudenter
938 2192 976 2224 et
994 2183 1130 2235 amice,
1151 2184 1295 2224 multas
