1498 2401
186 90 266 130 284
381 92 541 142 ADQ.
565 91 873 134 FRATREM.
901 92 1003 135 ΙιιΒ.
1025 91 1061 131 1.
1080 92 1118 132 2.

188 205 271 237 erat
302 199 476 250 futurus,
495 201 529 242 si
547 203 627 242 una
651 210 780 242 tecum
809 201 1040 251 decederet,
1054 212 1182 253 neque
1209 207 1323 238 antea

190 251 298 292 visus
316 263 428 304 esset,
449 257 629 304 sustulit3
659 257 700 296 id
717 257 817 296 mihi
834 269 914 296 non
931 255 1176 296 incommode
1189 253 1331 294 vismn

190 314 248 346 est
274 309 466 350 accidisse.
501 311 731 352 Exhaustus
757 311 864 350 enim
883 319 940 350 est
957 323 1082 350 sermo
1099 308 1321 357 hominum,

192 369 232 400 et
256 365 392 404 multis
410 366 560 405 emissae
574 367 659 417 jam
678 366 869 416 ejusmodi
893 378 1016 413 voceS,
1044 365 1133 402 αλλ’
1153 378 1188 401 αι
1193 379 1221 400 ει
1244 379 1325 402 τινα

191 423 303 467 φωτα
325 424 463 469 μἐγανι
497 424 599 474 quae,
619 429 657 460 te
675 423 846 469 absente,
862 420 1033 460 confecta
1051 430 1131 458 esse
1146 418 1269 457 laetor.

212 470 368 519 -Quod
399 482 532 515 autem
560 476 700 515 idcirco
716 489 739 514 a
758 481 796 514 te
814 475 955 514 missus
969 482 1055 523 est,
1084 471 1185 512 mihi
1211 480 1257 512 ut
1283 484 1323 511 se

190 536 390 578 purgaret,
407 529 448 568 id
465 543 617 569 necesse
630 530 792 569 minime
802 529 891 568 fuit.
913 529 1094 568 Primum
1109 527 1213 567 enim
1223 538 1326 566 nun-

191 592 313 631 quam
331 582 397 622 ille
410 584 508 623 mihi
524 585 600 623 fuit
618 592 843 637 suspectus·
874 596 1000 636 neque
1018 595 1103 635 ege,
1123 591 1213 635 quae
1226 581 1276 621 ad
1290 589 1328 621 te

192 633 242 673 de
260 635 328 674 illo
353 639 501 701 scripsi,
522 640 655 691 scripsi
685 652 773 678 meo
803 637 973 689 judicio:
1005 637 1085 686 sed,
1112 649 1204 676 cum
1228 636 1327 675 ratio

179 689 376 742 ‚salusque
389 694 568 732 omnium
591 696 767 732 nostrum
792 693 861 745 qui
878 691 929 731 ad
951 705 1032 731 rem
1052 691 1249 744 publicam
1264 704 1329 730 ac-

196 743 386 795 cedimus,
404 760 483 787 non
502 748 662 787 veritate
680 748 821 796 solum,
842 746 909 786 sed
928 747 1045 785 etiam
1064 746 1171 784 fama
1190 745 1330 784 nitere-

200 804 280 846 tur,
301 811 493 841 sermones
509 802 560 841 ad
578 810 617 840 te
641 802 807 841 aliorum
832 813 996 853 semper,
1015 813 1094 839 non
1112 813 1202 839 mea
1224 799 1333 850 judi-

199 852 272 901 cia,
292 856 507 908 perscripsi.
537 857 620 905 Qui
639 856 798 909 quidem
816 868 940 918 quaxn
955 855 1175 917 frequentes
1190 861 1330 917 essent,

202 914 241 946 et
259 921 380 959 quam
399 924 546 963 graves,
569 911 738 950 adventu
756 924 826 950 suo
844 909 1020 950 Statius
1009 923 1092 962 lpse
1111 909 1301 962 cognovit.

275 962 436 1003 Etenim
474 966 679 1004 intervenit
710 966 989 1004 nonnullorum
1026 964 1207 1017 querelis,
1244 977 1334 1016 quae

204 1015 311 1068 apud
333 1031 397 1057 me
425 1019 473 1059 de
489 1021 558 1060 illo
583 1021 668 1073 ipso
686 1021 952 1059 habebantur:
982 1026 1022 1058 et
1038 1019 1178 1058 sentire
1193 1019 1336 1072 potuit,

204 1083 398 1112 sermones
425 1074 650 1127 iniquorum
687 1075 728 1114 in
760 1088 876 1114 suum
913 1073 1160 1126 potissimum
1194 1086 1339 1113 nomen

210 1138 423 1180 erumpere.
453 1129 573 1178 Quod
591 1138 721 1169 autem
739 1142 804 1168 me
821 1130 994 1168 maxime
1010 1140 1165 1168 movere
1178 1129 1338 1175 solebat,

210 1193 301 1220 cum
316 1183 537 1232 audiebam,
557 1184 672 1223 illum
689 1184 780 1237 plus
799 1183 904 1236 apud
918 1192 956 1222 te
973 1194 1097 1236 posse,
1117 1196 1238 1236 quam
1253 1195 1341 1234 gra·

206 1234 304 1275 vitas
333 1237 438 1277 illius
471 1239 592 1278 aetatis
615 1247 654 1278 et
682 1239 835 1291 imperii
867 1238 1099 1290 prudentia

212 1291 351 1341 (quam
370 1293 514 1332 multos
533 1294 637 1332 enirn
650 1307 804 1333 mecum
824 1293 945 1345 egisse
962 1300 1091 1345 putas,
1108 1299 1153 1330 ut
1164 1305 1205 1331 se
1218 1292 1342 1331 Statio

213 1347 559 1387 commendarem?
589 1361 709 1400 quam
737 1347 864 1386 multa
888 1355 1019 1402 autern
1043 1347 1173 1398 ipsum
1193 1355 1342 1394 αφελως

211 1410 367 1439 meeum
396 1401 436 1440 in
463 1406 638 1441 sermone
662 1403 717 1448 ita
740 1402 978 1454 protulisse?
1010 1403 1040 1423 “
1061 1401 1117 1439 Id
1138 1400 1237 1439 mihi
1263 1413 1341 1439 non

211 1452 380 1503 placuit:
412 1456 562 1506 monui,
583 1457 701 1505 suasi,
722 1456 930 1495 deterrui.”
944 1463 960 1505 )
989 1455 1174 1504 Quibus
1163 1468 1205 1494 ιιι
1224 1457 1341 1494 rebus

208 1508 360 1548 etiamsi
377 1510 541 1550 fidelitas
560 1516 714 1550 summa
725 1519 782 1550 est
791 1511 918 1563 (quod
929 1519 1086 1563 prorsus
1101 1509 1236 1558 credo,'·
1243 1523 1343 1562 quo·

188 1594 194 1598 .
211 1562 318 1602 niam
339 1571 382 1604 tu
401 1565 456 1603 ita
471 1566 654 1615 judicas),
674 1574 803 1605 tamen
823 1566 966 1618 species
983 1565 1068 1618 ipsa
1085 1572 1167 1603 tam
1185 1564 1342 1617 gratiosi

210 1615 354 1666 liberti,
374 1627 442 1658 aut
467 1621 579 1668 servi,
600 1621 828 1672 dignitatem
860 1620 1001 1659 habere
1024 1620 1195 1658 nullam
1205 1626 1343 1671 potest.

213 1672 352 1724 Atque
370 1673 443 1715 hoc
461 1675 514 1714 sic
532 1675 671 1714 habeto
691 1675 807 1718 (nihil
825 1674 930 1714 enim
949 1686 1019 1713 nec
1038 1681 1181 1713 temere
1201 1674 1342 1721 dicere,

213 1737 284 1766 nec
298 1735 423 1767 astute
441 1730 608 1776 reticere,
628 1730 766 1777 debeo)
789 1730 993 1768 materiam
1021 1741 1178 1768 omnem
1198 1734 1344 1768 sermo-

213 1792 312 1821 num
325 1795 473 1833 eorum,
495 1784 563 1836 qui
582 1784 630 1824 de
649 1793 686 1822 te
700 1784 898 1823 detrahere
916 1784 1072 1832 mellent,
1089 1783 1257 1823 Statium
1276 1783 1344 1822 de-

210 1834 337 1875 ὤθεε.
368 1846 406 1876 et
425 1848 537 1877 antea
554 1846 708 1877 tantum
732 1839 907 1890 intelligi
914 1838 1105 1900 potuisse,
1131 1838 1255 1877 iratos
1265 1845 1344 1876 tu’ae

213 1891 405 1931 severitati
437 1905 516 1932 esse
553 1894 787 1940 ιιοιιιιιιΠοε·
824 1894 898 1932 hoc
930 1893 1183 1942 manumisso,
1219 1892 1341 1941 iratis,

212 1945 318 1997 quod
336 1946 599 1998 loquerentur,
619 1961 697 1988 non
716 1948 893 1986 defuisse.

269 2000 328 2039 ΙΙ.
352 2001 472 2040 Nunc
503 2003 741 2054 respondebo
759 2003 809 2041 ad
827 2016 890 2041 eas
916 2002 1094 2054 epistolas
1119 2014 1217 2054 quas
1239 2001 1342 2040 mihi

208 2054 374 2096 reddidit
401 2055 453 2097 L.
467 2056 636 2104 Caesius,
658 2057 752 2105 (cui,
768 2057 958 2109 quoniam
975 2057 1032 2095 ita
1056 2064 1095 2095 te
1114 2056 1212 2095 velle
1228 2056 1343 2094 intel-

203 2109 300 2161 1130
319 2110 429 2150 nullo
446 2110 530 2150 loco
547 2111 722 2164 deero)q
723 2125 863 2150 uarum
885 2111 1006 2151 altera
1024 2119 1081 2150 est
1102 2111 1151 2149 de
1169 2110 1343 2149 Blande-

205 2163 271 2202 nio
298 2164 487 2227 Zeuxide,
507 2180 625 2218 quem
655 2126 788 2206 scrqibis
812 2166 1085 2205 certissimum
1096 2164 1340 2204 matricidam

204 2217 274 2259 tibi
294 2233 318 2259 a
335 2232 399 2260 me
417 2220 555 2260 intime
581 2221 856 2261 commendari.
886 2219 980 2270 Qua
991 2221 1043 2260 de
1059 2234 1115 2270 re,
1138 2227 1181 2259 et
1196 2219 1248 2259 de
1266 2219 1339 2258 hoc
