1498 2401
183 125 263 164 366
411 123 495 162 AD
524 121 789 164 BRUTUM.
819 121 984 162 Emet-
1011 123 1075 161 16.

187 233 408 273 constantiae
426 245 537 271 meae.
569 232 646 274 Sed
664 245 735 284 ego
752 232 864 271 11111111,
881 232 923 271 111
942 244 984 270 re
1003 231 1123 280 malo,
1142 241 1263 282 quam
1277 236 1316 268 te

187 288 368 338 amando,
388 295 564 327 constans
582 296 619 326 et
638 300 717 326 esse
735 294 773 325 et
790 287 924 326 videri.

372 471 488 526 (16.)
519 472 749 513 BRUTUS
780 470 1065 512 CICERONI
1093 471 1133 510 S.

252 615 579 667 (Argumentum.
596 638 650 644 —
665 615 843 654 Graviter
861 613 1105 667 reprehendit
1124 612 1320 652 Ciceronis

196 669 246 708 ad
264 670 474 709 Octavium
493 670 709 722 epistolam,
728 670 808 721 qu‘a
826 681 918 708 eum
935 668 1101 720 rogarat,
1120 675 1166 706 ut
1181 667 1321 706 libera·-

197 730 296 763 toroe
314 725 448 777 patriae
467 725 589 763 salvos
607 722 754 774 vellet.)

252 833 490 872 Particulam
512 833 710 871 literarum
736 840 909 878 tuarum,
932 845 1029 884 quas
1047 830 1184 870 misisti
1202 830 1324 870 Octa-

197 887 274 936 vio,
305 888 397 939 legi,
423 886 581 925 missam
612 889 661 925 ab
686 887 820 925 Attico
845 887 954 925 mihi.
983 885 1166 925 Studium
1190 892 1321 933 tuum,

197 954 366 993 curaque
396 941 443 979 de
475 942 597 979 salute
626 941 729 988 mea,
761 941 872 979 nulla
900 953 965 980 me
994 940 1094 979 nova
1126 940 1324 991 voluptate

197 996 334 1035 affecit.
366 996 459 1034 Non
479 997 604 1034 solum
625 996 728 1034 enim
754 996 954 1044 usitatum,
975 995 1042 1034 sed
1060 995 1177 1033 etiam
1196 994 1323 1046 quoti-

198 1050 360 1088 dianum
386 1058 455 1096 eet,
487 1050 635 1102 aliquid
660 1050 792 1089 audire
821 1050 869 1088 de
894 1058 947 1097 te,
971 1049 1076 1101 quod
1093 1062 1164 1101 pro
1193 1047 1325 1087 nostra.

198 1104 385 1156 dignitate
403 1104 565 1143 fideliter
584 1113 699 1157 atque
716 1104 923 1143 honorifice
941 1103 1082 1142 dixeris
1096 1111 1164 1142 aut
1177 1102 1324 1142 feceris.

198 1160 254 1197 At
283 1159 425 1207 dolore,
453 1168 644 1210 quantum
673 1159 805 1197 animo
827 1158 1045 1197 maximum
1075 1171 1209 1210 capere
1236 1169 1306 1209 pos

199 1226 301 1260 511111,
316 1213 448 1252 eadem
461 1214 529 1251 illa
540 1227 628 1265 pars
637 1214 824 1275 epistolae,
841 1213 990 1265 scriptae
1000 1212 1266 1252 adOctavium
1277 1210 1327 1250 de

198 1268 324 1315 nobis,
343 1267 479 1305 affecit.
509 1269 571 1307 Sic
587 1269 690 1306 enim
705 1268 763 1306 illi
781 1268 922 1319 gratias
940 1267 1021 1319 agis
1039 1266 1088 1305 de
1105 1264 1324 1332 republica,

198 1330 280 1360 tam
315 1321 537 1373 suppliciter
570 1336 614 1361 ac
639 1322 801 1361 demisse
832 1322 947 1374 (quid
978 1321 1177 1360 scribam?
1205 1320 1328 1373 pudet

200 1376 427 1415 conditionis
446 1389 489 1414 ac
511 1375 703 1415 fortunae·
734 1377 801 1415 sed
825 1384 955 1415 tamen
981 1375 1225 1416 scribendum
1250 1373 1324 1424 est)

200 1430 447 1469 commendas
477 1439 648 1469 nostram
677 1431 840 1469 salutem
866 1430 939 1478 1111,
963 1433 1070 1482 (quae
1096 1438 1221 1468 morte
1248 1442 1328 1481 qua

199 1497 276 1523 non
297 1484 541 1536 perniciosior
558 1488 593 1529 ?)
614 1493 658 1523 ut
676 1498 831 1537 prorsus
849 1498 930 1536 prae
947 1492 986 1523 te
1003 1484 1115 1531 feras,
1136 1496 1215 1522 non
1234 1485 1327 1522 sub-

200 1540 321 1578 latam
349 1538 666 1589 dominationem,
693 1539 760 1578 sed
800 1539 1005 1578 dominum
1042 1546 1326 1577 commutatum

202 1607 294 1633 aese.

255 1649 388 1688 Verba
405 1656 474 1688 tua
491 1661 741 1700 recognosce·
729 1678 742 1695 ‚
773 1656 812 1687 et
829 1648 931 1687 aude
955 1660 1108 1700 negare,
1125 1647 1327 1687 servientis

201 1702 383 1741 adversus
412 1716 542 1755 regem
574 1704 665 1742 istas
695 1716 774 1742 esse
803 1716 944 1755 preces.
978 1704 1117 1742 Unum
1146 1702 1202 1742 ais
1231 1715 1325 1750 oese,

202 1757 308 1808 quod
325 1759 374 1795 ab
400 1770 444 1796 eo
462 1758 677 1809 postuletur
707 1765 745 1796 et
763 1765 1033 1810 exspectetur3
1064 1765 1110 1795 ut
1128 1769 1191 1796 eos
1209 1757 1326 1804 cives,

199 1811 250 1849 de
267 1812 411 1863 quibus
435 1813 507 1850 viri
526 1812 631 1859 boni,
657 1812 903 1864 populusque
922 1812 1126 1850 Romanus
1144 1813 1243 1850 bene
1260 1824 1329 1850 ex-

199 1865 360 1915 istimet,
391 1867 514 1904 salvos
549 1867 649 1904 velit.
680 1866 821 1914 Quid?
852 1866 883 1905 si
908 1867 1018 1914 nolit,
1048 1878 1127 1905 non
1152 1866 1328 1904 erimus?

199 1920 343 1972 Atqui,
359 1932 437 1958 non
453 1933 547 1968 esse,
564 1933 683 1982 quarn
698 1934 777 1959 esse
791 1934 860 1973 per
883 1920 1012 1969 11111111,
1027 1927 1195 1972 praestat.
1223 1920 1327 1972 Ego,

199 1974 352 2013 medius
370 1974 499 2023 fidius,
520 1987 597 2013 non
624 1975 814 2023 existimo,
841 1983 922 2014 tam
941 1988 1075 2015 omnes
1097 1974 1203 2013 Deos
1220 1987 1329 2013 aver-

200 2042 262 2067 sos
281 2042 360 2067 oese
378 2042 402 2067 a
420 2030 543 2068 salute
557 2029 692 2081 populi
705 2030 889 2077 Romani,
905 2037 950 2067 ut
962 2029 1148 2069 Octavius
1162 2028 1328 2067 orandus

199 2083 248 2121 sit
265 2095 336 2134 pro
355 2083 477 2122 salute
503 2085 734 2136 cujusquam
763 2084 870 2130 civis,
896 2096 974 2122 non
1000 2083 1126 2122 dicam
1144 2096 1215 2135 pro
1231 2083 1329 2122 libe-

197 2137 388 2176 ratoribus
404 2138 510 2177 orbis
528 2146 742 2177 terrarum:
774 2139 907 2188 (juvat
926 2138 1030 2177 enim
1048 2137 1253 2189 magnifice
1269 2137 1329 2176 lo-

198 2191 282 2243 qui,
312 2199 351 2230 et
379 2200 479 2231 certe
504 2192 628 2240 decet,
663 2192 845 2232 adversus
875 2193 1108 2243 ignorantes,
1128 2191 1224 2244 quid
1256 2204 1327 2244 pm

197 2258 354 2298 quoque
372 2246 605 2296 timendum,
625 2254 693 2286 aut
711 2260 735 2286 a
753 2259 909 2299 quoque
927 2246 1138 2299 petendum
1159 2246 1239 2293 sit.)
