1498 2401
344 121 428 161 AD
456 120 748 164 ATTICUM.
778 122 880 163 Iam.
901 121 1022 163 XVI.
1055 122 1119 163 16.
1218 123 1300 164 259

172 240 253 267 3553
270 228 429 280 possim,
449 244 568 283 quam
588 240 645 272 351
663 232 910 272 Marcellus?
941 231 1018 271 Sed
1045 244 1124 271 non
1152 231 1194 271 id
1220 231 1303 283 agi-

173 290 260 322 tur:
289 295 416 335 neque
445 285 486 324 id
515 287 688 326 maxime
711 300 815 327 cui-o.
863 285 974 336 Quid
1002 299 1148 338 curem,
1181 285 1300 326 vides

171 336 329 379 Adsum
347 338 476 391 igitur.

385 502 505 557 (16.)
536 504 752 545 CICERO
780 504 1000 546 ATTICO
1028 506 1069 545 S.

236 610 548 652 Jucundissimas
580 622 667 654 tuas
703 614 782 667 legi
810 614 953 653 literas.
1000 613 1071 653 Ad
1108 613 1299 652 Plancum

168 665 325 717 scripsi:
355 667 473 706 habes
501 670 738 721 exemplum.
769 669 874 708 Cum
899 668 1043 707 Tirone
1063 668 1158 721 quid
1178 668 1226 706 sit
1244 669 1302 706 lo-

168 727 297 769 cutus,
302 734 544 783 cognoscam
563 737 611 762 ex
637 724 733 775 ipso
774 724 806 762 C
810 737 876 761 um
908 736 1034 762 sorore
1059 736 1148 775 agee
1178 730 1301 761 atten-

168 774 260 825 tius,
280 776 313 814 si
331 784 369 815 te
386 778 634 830 occupatione
651 778 726 818 ista
750 778 946 817 1313113115

291 887 321 909 “
351 887 418 925 M.
443 888 581 926 Cicero
609 888 659 926 L.
691 889 856 938 Planco,
879 889 1003 927 Praet.
1026 888 1122 926 Des.
1148 887 1190 926 S,

225 994 254 1018 ‘⁶
278 995 400 1034 Attici
426 995 546 1035 nostri
573 1003 611 1035 te
638 995 749 1035 valde
778 995 994 1035 studiosum
1022 1009 1101 1035 esse
1125 994 1300 1048 cognovi,

169 1050 248 1090 mei
273 1063 361 1088 vero
384 1050 439 1089 ita
457 1051 657 1103 cupidum,
682 1060 727 1090 ut
748 1050 1005 1104 (mehercule)
1031 1064 1173 1102 paucos
1193 1063 1303 1102 aeque

168 1108 411 1145 observantes
424 1115 540 1157 atque
555 1114 727 1144 amantes
742 1119 806 1144 me
818 1105 960 1144 habere
974 1105 1205 1144 existimem.
1234 1103 1305 1143 Ad

169 1168 348 1212 paternas
373 1160 474 1198 enim
507 1173 682 1212 magnas,
704 1168 741 1199 et
760 1169 917 1207 veteres,
943 1168 980 1198 et
1001 1161 1125 1210 justas
1144 1158 1305 1198 necessi-

170 1214 322 1253 tudines
359 1227 544 1265 magnam
575 1215 705 1253 attulit
738 1215 992 1253 accessionem
1027 1222 1095 1252 tua
1127 1214 1305 1252 voluntas

170 1282 261 1321 erga
284 1281 362 1315 1113,
382 1281 546 1321 meaque
565 1283 655 1321 erga
673 1277 710 1308 te
729 1283 799 1321 par
818 1277 934 1320 atque
952 1275 1104 1307 mutua.
1133 1268 1308 1306 Buthro-

171 1323 226 1362 tia
242 1323 313 1362 tibi
327 1336 441 1362 causa
459 1323 591 1375 ignota
605 1336 683 1361 non
703 1331 783 1362 est:
815 1323 876 1374 egi
896 1323 1000 1362 enim
1015 1336 1114 1375 saepe
1133 1322 1181 1360 de
1200 1323 1246 1361 33
1265 1335 1306 1360 13

170 1385 313 1427 tecum,
335 1378 482 1430 tibique
495 1386 616 1417 totam
630 1391 714 1417 rem
732 1377 1014 1416 demonstravi:
1046 1391 1134 1430 quae
1146 1385 1203 1415 est
1221 1383 1306 1416 acta

169 1432 242 1471 hoc
256 1431 384 1471 modo.

227 1490 256 1510 “
281 1488 339 1527 Ut
370 1486 543 1539 primum
576 1487 832 1527 Buthrotium
869 1501 1008 1540 agrum
1045 1486 1303 1540 proscriptum

170 1541 354 1589 vidimus,
393 1550 610 1582 commotus
647 1543 806 1581 Atticus
842 1542 1022 1581 libellum
1062 1541 1302 1593 composuit:

171 1609 262 1635 eum
282 1595 380 1634 1111111
406 1595 528 1644 (13(111,
552 1604 598 1636 111
621 1597 754 1635 (1313111
773 1597 943 1636 Caesari:
975 1610 1080 1636 eram
1106 1596 1210 1635 enim
1230 1609 1305 1634 coe-

171 1658 333 1689 naturus
355 1650 461 1703 apud
493 1664 584 1690 eum
609 1651 678 1691 illo
707 1651 781 1690 die.
820 1651 929 1690 Eum
952 1651 1131 1690 libellum
1161 1649 1305 1689 Caesari

172 1704 260 1743 dedi
273 1720 285 1743 2
309 1704 486 1756 probavit
503 1719 683 1752 causam;
705 1706 895 1758 rescripsit
914 1706 1060 1754 Attico,
1081 1718 1195 1758 aequa
1214 1717 1305 1743 eum

171 1760 391 1811 postulare:
422 1760 625 1800 admonuit
650 1769 794 1809 tamen,
814 1768 860 1800 ut
879 1761 1085 1813 pecuniam
1110 1759 1301 1812 reliquam

172 1813 372 1852 Buthrotii
390 1814 440 1852 ad
458 1814 563 1854 diem
588 1815 789 1854 solverent.
819 1816 992 1863 Atticus,
1019 1815 1088 1867 qui
1110 1814 1305 1853 civitatem

172 1876 434 1907 conservatam
456 1878 625 1921 cuperet,
656 1870 861 1922 pecuniam
889 1869 1109 1909 numeravit
1138 1868 1186 1907 de
1219 1881 1303 1906 suo.

173 1922 294 1971 Quod
309 1935 399 1961 cum
414 1932 510 1962 esset
523 1924 684 1973 factum,
703 1925 858 1964 adimus
877 1924 927 1963 ad
946 1924 1168 1969 Caesarem,
1158 1937 1167 1947 ·
1190 1924 1308 1961 verba

173 1977 336 2016 fecimus
367 1990 438 2029 pro
474 1979 716 2026 Buthrotiis;
758 1979 1075 2018 liberalissimum
1108 1977 1305 2016 decretum

172 2032 431 2078 abstulimus;
461 2033 567 2085 quod
599 2041 656 2073 est
698 2033 947 2086 obsignatum
975 2035 1026 2072 ab
1058 2030 1306 2084 amplissimis

175 2085 279 2124 viris.

230 2144 260 2164 “
280 2140 383 2189 Quae
400 2155 491 2182 cum
509 2150 634 2182 essent
651 2150 750 2189 acta,
778 2142 914 2182 11111311
931 2141 1091 2195 quidem
1117 2141 1305 2188 solebam,

174 2194 256 2246 pati
271 2193 465 2235 omrem
485 2198 684 2237 convenire
703 2211 781 2246 eos,
801 2197 870 2250 qui
889 2210 1027 2249 agrum
1047 2193 1305 2235 Buthrotium

174 2250 464 2304 concupissent:
498 2263 624 2304 neque
653 2253 780 2294 solum
809 2252 906 2306 pati,
927 2250 993 2291 sed
1021 2250 1139 2291 etiam
1156 2249 1194 2290 31
1211 2262 1306 2302 neg-
