1498 2401
342 97 423 136 AD
454 97 718 137 BRUTmL
747 98 910 137 Erisr.
932 102 969 137 4.
1137 102 1216 145 347

86 211 214 249 Pansa
239 208 405 259 fugerat,
435 207 658 246 vulneribus
691 208 868 260 acceptis,
903 222 991 261 quae
1018 208 1116 247 ferre
1141 222 1222 249 non

86 264 227 316 potuit.
270 261 474 313 Reliquias
508 261 680 300 hostium
711 263 861 301 Brutus
890 263 1145 315 persequitur,
1181 272 1218 302 et

87 319 230 357 Caesar.
259 317 402 355 Hostes
419 324 551 354 autem
570 329 703 355 omnes
724 317 900 366 judicati,
922 318 991 369 qui
1009 318 1072 356 M.
1093 318 1220 356 Anto-

86 373 144 411 nii
162 378 304 410 sectam
323 370 443 408 secuti
461 377 562 408 sunt.
593 371 733 422 Itaque
761 371 802 409 id
827 373 1220 412 senatus-consultum

83 427 258 479 plerique
276 425 589 476 interpretantur,
610 425 727 463 etiam
746 425 795 463 ad
814 434 914 474 tuos,
935 426 1014 464 sive
1034 427 1217 478 captivos,

85 482 166 520 sive
194 479 405 527 dediticios,
443 479 643 531 pertinere.
691 479 890 531 Equidem
927 480 1026 518 nihil
1058 481 1220 519 disserui

87 535 236 583 durius,
257 546 348 573 cum
366 531 598 572 nominatim
624 533 672 572 de
695 534 741 572 C.
762 534 936 573 Antonio
961 535 1218 584 decernerem,

85 589 191 641 quod
207 589 263 628 ita
281 595 506 636 statueram,
527 600 550 625 a
568 595 606 627 te
625 600 850 640 cognoscere
875 601 1031 628 causam
1050 590 1135 640 ejus
1161 602 1220 628 se-

83 650 222 682 natum
238 650 425 696 oportere.
454 642 497 682 X
518 641 681 682 Calend.
700 642 844 682 Maias.

277 806 367 861 (4.)
398 807 627 847 BRUTUS
659 806 944 847 CICERONI
974 808 1014 847 S.

142 917 472 968 (Argumentum.
484 939 538 946 -—
551 916 777 968 Respondet
807 915 996 968 superiori
1023 915 1219 968 epistolae;

86 979 125 1011 et
142 972 475 1024 reprehensionem
493 971 626 1009 nimiae
643 971 685 1008 in
704 971 750 1010 C.
771 971 991 1009 Antonium
1009 971 1223 1010 clementiae

80 1026 208 1065 diluit.
239 1026 394 1071 Monet,
414 1038 478 1073 ne,
490 1025 622 1064 nimiis
635 1025 846 1064 honoribus
859 1025 1076 1064 Octaviano
1095 1025 1219 1063 tribu-

86 1081 208 1128 endis,
232 1082 384 1119 malum
417 1080 643 1130 exemplum
672 1080 891 1127 inducatur,
924 1092 1002 1131 quo
1035 1079 1222 1130 regnandi

84 1135 217 1187 cupidi
236 1137 460 1182 abutantur,
480 1142 596 1186 atque
614 1134 691 1172 illis
709 1134 764 1172 ita
777 1134 964 1185 regnandi
990 1134 1136 1172 occasio
1155 1134 1221 1173 de-

84 1197 148 1229 tur
164 1204 176 1237 3
208 1190 314 1242 quod
333 1203 372 1228 se
383 1188 629 1228 vehementer
647 1188 782 1227 timere
802 1188 998 1236 ostendit.)

139 1296 302 1348 Quanta
320 1297 394 1336 sim
422 1296 557 1335 laetitia
585 1297 758 1346 affectus,
783 1296 946 1348 cognitis
971 1298 1086 1336 rebus
1103 1298 1222 1336 Bruti

83 1354 204 1393 nostri
223 1361 260 1392 et
278 1352 497 1397 consulum,
517 1352 668 1390 facilius
681 1359 736 1390 est
755 1351 826 1390 tibi
845 1351 1079 1399 existimare,
1099 1364 1220 1403 quam

83 1408 182 1447 mihi
201 1408 376 1447 scribere.
417 1405 523 1445 Cum
548 1407 623 1444 alia
645 1406 777 1453 laudo,
799 1413 836 1444 et
855 1405 1005 1457 gaudeo
1024 1406 1220 1454 accidisse,

80 1471 168 1502 tum
188 1462 293 1515 quod
303 1460 422 1499 Bruti
440 1460 590 1512 eruptio
604 1473 683 1499 non
698 1461 824 1499 solum
844 1460 918 1511 ipsi
933 1460 1110 1498 salutaris
1127 1460 1218 1507 fuit,

81 1518 149 1557 sed
177 1516 293 1556 etiam
315 1515 490 1554 maximo
518 1514 569 1553 ad
601 1515 802 1554 victoriam
827 1515 1064 1564 adjumento.
1101 1514 1222 1563 Quod

81 1572 229 1620 scribis,
242 1570 363 1610 trium
383 1570 647 1608 Antoniorum
665 1582 786 1608 unam
799 1576 916 1621 atque
935 1568 1113 1607 eamdem
1128 1582 1220 1607 cau-

82 1640 166 1666 sam
186 1639 294 1672 esse;
326 1624 423 1676 quid
447 1638 517 1676 ego
540 1624 719 1673 sentiam,
741 1624 821 1662 mei
842 1623 980 1674 judicii
1000 1636 1079 1661 esse
1098 1637 1111 1670 3
1143 1630 1220 1662 sta-

82 1691 151 1722 tuo
176 1681 289 1728 nihil,
319 1679 394 1718 nisi
412 1679 511 1718 hoc:
542 1681 696 1718 senatus
716 1687 785 1718 aut
809 1678 947 1730 populi
965 1677 1138 1716 Romani
1153 1679 1219 1728 ju-

82 1736 229 1777 dicium
249 1747 328 1774 esse
346 1733 395 1772 de
412 1733 460 1773 iis
477 1733 624 1773 civibus
643 1734 713 1786 qui
730 1740 950 1786 pugnantes
968 1744 1047 1770 non
1066 1732 1220 1771 interieu

79 1793 170 1832 rint.

136 1845 195 1883 At
224 1843 298 1882 hoc
321 1843 468 1895 ipsum,
493 1842 659 1896 inquies,
687 1842 821 1894 inique
845 1841 954 1891 facis,
978 1841 1048 1894 qui
1070 1840 1219 1880 hostilis

81 1899 204 1941 animi
221 1898 263 1937 in
281 1897 564 1950 rempublicam
581 1897 773 1945 homines,
793 1897 894 1935 cives
913 1897 1095 1948 appelles.
1134 1896 1220 1934 Im-

80 1970 148 1996 mo
162 1953 386 2006 justissime.
416 1951 536 2000 Quod
561 1952 666 1991 enim
684 1951 860 1991 nondum
879 1958 1035 1989 senatus
1055 1950 1217 1998 censuit,

80 2023 152 2050 nec
169 2007 339 2061 populus
358 2007 563 2045 Romanus
579 2007 706 2056 jussit,
726 2006 769 2045 id
788 2012 1009 2057 arroganter
1020 2017 1099 2042 non
1117 2018 1219 2056 prae-

76 2065 224 2116 judico,
243 2074 371 2114 neque
388 2074 524 2100 revoco
541 2061 592 2099 ad
605 2061 810 2100 arbita-ium
827 2073 975 2098 meum.
1004 2059 1114 2098 Illud
1128 2058 1216 2111 qui-

78 2121 169 2159 dem
187 2130 267 2157 non
284 2123 410 2165 muto,
432 2115 539 2168 quod
557 2115 606 2165 ei,
634 2129 753 2168 quem
774 2128 839 2154 me
865 2113 1034 2153 occidere
1058 2127 1118 2152 res
1136 2125 1215 2151 non

78 2173 217 2227 coe'git,
237 2184 364 2223 neque
383 2170 587 2209 crudeliter
599 2170 817 2223 quidquam
836 2168 974 2221 eripui,
993 2180 1120 2220 neque
1138 2167 1215 2206 dis-

77 2230 201 2269 solute
219 2226 437 2280 quidquam
456 2224 585 2266 remisi
601 2239 613 2273 3
643 2225 843 2277 habuique
861 2223 901 2262 in
913 2222 1001 2263 mea
1012 2229 1212 2277 potestate,
