1477 2365
222 83 275 118 :28
412 83 495 122 AD
516 81 811 123 Amicum.
840 84 940 123 Llss.
973 71 1056 122 1Χ.’
1082 84 1143 123 13.

321 172 325 175 ’
435 193 550 239 (13.)
587 192 798 232 CICERO
827 191 1048 231 AT'rrco
1076 192 1118 231 5.

271 298 393 346 Tuas,
414 298 478 337 XI
501 301 701 347 Calendas,
735 300 861 352 accepi
883 299 1024 360 literas,
1049 299 1189 350 quibus
1208 297 1338 337 omnia

212 353 375 390 consilia
393 352 520 392 differs
538 355 578 392 in
597 354 637 392 id
657 363 824 405 tempus,
846 368 891 392 cu
894 367 934 390 m
954 353 1148 392 scierimus
1166 351 1261 404 quid
1278 365 1341 390 ac-

219 413 301 443 tum
325 406 395 444 sit:
427 415 464 444 et
492 417 588 446 certe
616 409 670 446 ita
698 418 779 446 est.
811 420 880 445 nec
903 407 1056 446 interim
1077 413 1203 458 potest
1228 405 1342 457 quid-

211 472 340 510 ·quam
368 472 444 498 non
474 462 588 500 modo
626 462 758 507 statui,
796 461 861 500 sed
892 473 941 499 ne
977 460 1133 512 cogitari
1170 459 1341 511 quidem.

219 514 474 565 Quamquam
504 516 564 553 hae
601 516 698 553 mihi
729 515 848 553 literae
886 515 1100 553 Dolabellae
1127 515 1265 563 jubent
1293 512 1343 550 ad

219 567 398 617 pristinas
413 570 656 620 cogitationes
672 569 815 607 reverti.
847 569 939 607 Fuit
951 569 1068 616 enim,
1081 567 1202 619 pridie
1217 567 1346 615 Quin-

221 631 397 671 quatrus,
432 624 582 674 egregia
613 630 831 675 tempestas,
870 623 949 674 quit
978 636 1048 674 ego
1078 622 1192 660 illum
1228 625 1346 659 usum

192 706 196 707 γ
225 681 332 725 puto.

279 734 462 776 Συναγωγη
495 731 738 769 consiliorum
773 737 929 769 tuorum
955 742 1030 768 non
1066 736 1122 767 est
1140 742 1164 767 a
1186 741 1250 768 me
1269 729 1347 767 col-

222 781 320 819 lecta
340 783 389 820 ad
407 786 616 834 querelam,
638 784 704 823 sed
723 785 847 835 magis
871 784 920 822 ad
948 782 1246 822 consolationem
1265 794 1348 820 me-

220 848 299 873 am.
337 837 422 874 Nec
452 839 552 876 enim
580 851 643 876 me
669 846 747 876 tam
773 838 854 876 haec
873 838 977 875 mala
1001 838 1207 888 angebant,
1227 849 1348 888 quam

216 889 386 940 suspicio
416 892 539 943 culpae
570 906 612 931 ac
651 891 873 930 temeritatis
907 904 1029 929 meae:
1075 903 1160 929 eam
1196 891 1347 928 nullam
1389 936 1398 940 N

221 951 318 994 puto
338 956 431 991 esse,
456 946 637 996 quoniam
662 958 752 983 cum
776 945 941 984 consiliis
969 944 1044 983 tuis
1069 957 1157 982 mea
1181 943 1282 982 facta
1310 951 1348 982 et

221 998 381 1035 consilia
401 999 652 1037 consentiunt.

279 1052 396 1099 Quod
414 1065 501 1090 mea
529 1052 796 1104 praedicatione
817 1051 964 1090 factum
985 1065 1064 1091 esse
1077 1050 1236 1099 scribis,
1262 1064 1347 1090 ma-

227 1108 286 1160 gis
307 1119 424 1156 quam
443 1106 546 1144 illius
565 1107 715 1152 merito,
736 1114 779 1144 ut
798 1113 950 1144 tantum
970 1106 1005 1144 ei
1023 1106 1159 1144 debere
1177 1105 1348 1144 viderer·
1335 1134 1348 1151 ,

230 1170 286 1200 est
304 1160 369 1197 ita.
398 1160 485 1210 Ego
502 1160 570 1198 1113
595 1160 717 1198 extuli
735 1173 898 1211 semper,
919 1167 956 1198 et
975 1173 1019 1198 eo
1037 1159 1194 1212 quidem
1212 1159 1350 1210 magis,

229 1228 277 1253 ne
311 1213 406 1265 quid
441 1214 507 1252 1118
544 1214 782 1275 superiorum
818 1214 1037 1252 meminisse
1072 1227 1136 1251 me
1170 1220 1350 1265 putaret:

228 1282 317 1321 quae
334 1267 365 1305 si
387 1268 556 1305 maxime
579 1267 853 1314 meminissem,
884 1275 1014 1306 tamen
1042 1267 1147 1305 1111115
1169 1267 1352 1318 temporis

226 1321 488 1361 similitudine
481 1335 519 1359 n
535 1323 618 1371 jam
634 1321 740 1373 sequi
755 1321 945 1360 deberem.
975 1321 1089 1360 Nihil
1106 1334 1170 1359 me
1188 1320 1353 1370 adjuvit,

227 1389 318 1415 cum
349 1383 499 1427 posset:
534 1383 573 1413 at
602 1383 733 1426 postea
764 1375 839 1413 fuit
868 1376 1029 1437 amicus,
1064 1375 1180 1414 etiam
1207 1373 1349 1420 valde;

220 1442 390 1481 ecquam
408 1431 456 1467 ob
476 1442 644 1490 causam,
664 1430 779 1480 plane
797 1430 934 1468 nescio.
967 1430 1074 1481 Ergo
1102 1442 1172 1480 ego
1197 1440 1355 1480 quoque

222 1484 299 1521 1111.
328 1482 436 1530 Quin
456 1483 570 1521 etiam
590 1483 687 1521 illud
705 1496 775 1534 par
801 1483 842 1520 in
861 1491 1025 1545 utroque
1043 1485 1230 1531 nostrum,
1251 1481 1355 1542 quod

231 1539 281 1576 ab
300 1537 442 1575 eisdem
460 1536 576 1575 illecti
604 1550 749 1575 sumus.
779 1537 856 1576 Sed
881 1538 1031 1576 utinam
1049 1544 1201 1575 tantum
1220 1549 1290 1588 ego
1320 1535 1356 1574 ei

230 1591 406 1643 prodesse
424 1591 647 1641 potuissem,
669 1597 859 1642 quantum
878 1591 976 1629 1111111
989 1591 1055 1629 1118
1068 1590 1219 1642 potuit!
1250 1589 1358 1628 Mihi

232 1654 377 1692 tamen,
399 1644 502 1695 quod
520 1644 622 1691 fecit,
627 1644 928 1705 gratissimum:
958 1658 1028 1683 nec
1043 1657 1112 1695 ego
1123 1656 1242 1691 nunc,
1263 1655 1354 1682 eum

228 1712 300 1748 Jux
301 1711 363 1736 are
383 1711 460 1749 qua
478 1711 518 1736 re
537 1698 693 1749 possim,
708 1698 809 1736 scio.
840 1711 924 1747 1188,
945 1699 976 1738 51
993 1711 1158 1750 possem,
1172 1711 1262 1736 cum
1275 1704 1358 1736 tam

232 1751 452 1803 pestiferum
491 1752 639 1790 bellum
675 1759 839 1803 pararet,
872 1752 1136 1803 adjuvandum
1167 1758 1359 1803 putarem.

224 1806 412 1844 Tantum
441 1805 630 1844 offendere
660 1806 836 1844 animum
867 1808 949 1856 ejus
976 1807 1041 1845 hic
1069 1818 1228 1844 manens
1256 1805 1359 1843 nolo.

236 1860 320 1898 Nec
338 1859 589 1906 (mehercule)
609 1859 682 1897 ista
700 1859 840 1910 videre,
864 1874 952 1911 quae
976 1867 1020 1898 tu
1044 1867 1151 1912 potes
1172 1860 1256 1909 jam
1275 1858 1359 1897 ani-

237 1926 304 1951 mo
322 1912 532 1964 providere,
560 1926 627 1951 nec
654 1914 831 1952 interesse
852 1914 934 1952 istis
947 1914 1075 1963 1113115,
1094 1925 1258 1965 possem.
1287 1911 1366 1951 Sed

236 1980 281 2005 eo
298 1966 440 2004 tardior
459 1967 508 2004 ad
535 1967 808 2005 discedendum
827 1968 899 2014 fui,
930 1967 1035 2020 quod
1054 1943 1206 2006 difficile
1231 1973 1289 2005 est
1312 1966 1363 2004 de

233 2020 403 2058 discessu
422 2020 650 2068 voluntario,
684 2021 764 2059 sine
793 2022 875 2060 ulla
903 2036 970 2074 spe
998 2021 1158 2070 reditus,
1183 2020 1361 2082 cogitare.

247 2075 355 2113 Nam
368 2086 437 2125 ego
455 2074 558 2112 hunc
575 2074 629 2112 ita
647 2082 826 2125 paratum
839 2076 948 2115 video
965 2075 1154 2128 peditatu,
1174 2075 1362 2126 equitatu,

245 2128 445 2176 classibus,
466 2127 620 2166 auxiliis
639 2128 860 2177 Gallorum,
884 2143 980 2182 quos
1005 2129 1156 2168 Matius
1185 2129 1366 2188 shamge-v,

239 2189 284 2220 ut
299 2188 422 2234 puto;
452 2181 519 2220 sed
537 2189 636 2220 certe
659 2181 820 2231 dicebat,
841 2184 1014 2234 peditum
1037 2180 1232 2231 CCIDO,
1254 2181 1366 2233 equi·-
