1498 2401
179 132 254 169 152
348 129 431 169 AD
459 127 747 169 ATTICUM.
776 127 877 168 LIB.
900 127 1025 168 XIII.
1055 130 1121 168 20.

169 245 302 290 genter
320 251 344 276 a
361 251 426 277 me
444 251 632 290 expressa,
648 251 809 278 acumen
828 239 971 277 habent
977 237 1176 287 Antiochi,
1190 238 1291 278 nito-

167 305 251 330 rem
269 292 447 332 orationis
465 300 639 332 nostrum
655 306 667 339 3
698 293 730 331 si
746 292 862 332 modo
879 293 912 332 is
930 299 986 331 est
1003 293 1143 345 aliquis
1160 292 1202 332 in
1219 305 1290 331 no.

168 346 239 384 bis.
283 347 359 385 Sed
388 353 446 395 tu,
484 346 678 386 dandosne
713 354 827 399 putes
861 347 931 385 hos
958 347 1076 386 libros
1105 347 1286 395 Varroni,

168 400 284 493 εὲιὲιω
298 408 414 453 atque
433 401 549 440 etiam
560 401 717 440 videbis.
747 401 852 440 Mihi
870 400 1047 453 quaedam
1059 407 1285 441 occurrunt:

170 467 189 493 s
251 467 296 494 ea
313 467 453 495 coram.

389 616 506 670 (20.)
540 616 752 657 CICERO
781 617 1004 658 ATTICO
1031 618 1073 658 S.

222 726 261 764 A
280 726 428 765 Caesare
451 727 579 765 literas
604 726 731 778 accepi
755 726 1035 775 consolatorias,
1061 725 1169 765 datas
1186 727 1286 778 prid.

167 780 253 819 cal.
274 781 403 819 Maias
422 781 588 833 Hispali.
618 780 681 818 De
699 781 806 819 Urbe
824 780 1000 831 augenda
1018 780 1114 831 quid
1132 780 1181 819 sit
1198 794 1288 832 pro-

166 835 402 886 mulgatum,
422 847 499 873 non
517 835 690 874 intellexi
706 849 716 872 ε
747 834 788 872 id
807 847 896 873 sane
915 834 1008 872 scire
1027 833 1155 872 velim.
1185 834 1287 874 Tor-

166 896 286 940 quato
304 896 433 927 nostra
458 889 581 927 officia
605 895 714 940 grata
738 901 831 936 esse,
850 887 962 926 facile
986 887 1137 939 patior:
1167 901 1289 940 eaque

169 955 308 994 augere
326 955 403 981 non
422 943 607 981 desinam.
636 942 702 980 Ad
721 942 985 993 Ligarianam,
998 942 1046 980 de
1062 954 1183 981 uxore
1202 942 1288 980 Tu-

167 997 317 1035 beronis
336 1004 373 1035 et
391 995 579 1048 privigna,
610 1009 734 1048 neque
758 1008 914 1048 possum
936 997 1020 1046 jam
1049 995 1187 1034 addere
1213 998 1287 1039 (est

168 1050 273 1088 enim
290 1064 348 1089 res
366 1051 622 1101 pervulgata),
643 1062 768 1102 neque
786 1050 1032 1089 Tuberonem
1051 1050 1137 1089 volo
1155 1050 1288 1089 defen-

168 1104 280 1143 dere:
310 1104 469 1143 mirifice
487 1112 543 1143 est
562 1105 665 1143 enim
685 1113 876 1154 φιλαιτιος.

219 1157 435 1197 Theatrum
459 1158 616 1210 quidem
657 1170 746 1197 sane
783 1158 929 1197 bellum
960 1158 1141 1197 habuisti.
1181 1158 1284 1209 Ego,

166 1213 239 1251 etsi
256 1212 328 1251 hoc
346 1213 429 1251 loco
447 1212 628 1251 facillime
647 1219 848 1261 sustentor,
868 1219 998 1250 tamen
1015 1219 1054 1251 te
1071 1212 1198 1251 videre
1217 1225 1284 1250 cu-

165 1267 242 1318 pio.
272 1266 425 1318 ltaque,
445 1274 490 1305 ut
516 1267 707 1313 constitui,
726 1266 850 1305 adei-o.
879 1267 1055 1304 Fratrem
1079 1266 1188 1305 credo
1207 1279 1231 1304 a
1248 1273 1286 1305 te

165 1333 246 1359 esse
265 1327 518 1360 conventum:
549 1321 640 1360 scii-e
658 1320 777 1372 igitur
794 1319 940 1369 studeo,
961 1320 1056 1371 quid
1075 1320 1204 1372 egeris.

221 1375 285 1412 De
302 1374 405 1413 fama
432 1375 529 1413 nihil
555 1388 643 1413 sane
665 1376 796 1413 laboro
812 1389 822 1413 :
853 1375 922 1413 etsi
939 1374 1160 1425 scripseram
1179 1373 1228 1412 ad
1247 1382 1285 1412 te

168 1436 260 1467 tunc
272 1429 399 1477 stulte,
421 1431 449 1451 “
458 1430 556 1468 nihil
567 1429 747 1467 melius.''
770 1428 997 1467 Curandum
1010 1428 1113 1466 enim
1125 1441 1201 1466 non
1214 1438 1283 1466 est.

169 1483 304 1534 Atque
317 1483 403 1531 hoc,
432 1486 460 1506 ‘⁶
473 1484 514 1521 in
533 1483 638 1522 omni
652 1481 730 1521 vita
743 1483 814 1521 sua
828 1495 1021 1534 quemque
1035 1495 1058 1520 a
1071 1483 1174 1520 recta
1192 1495 1285 1521 con-

169 1537 325 1575 scientia
344 1546 601 1576 transversum
620 1550 791 1587 unguem
805 1549 882 1575 non
894 1543 1040 1587 oportet
1050 1536 1285 1597 discedere‚''

170 1591 267 1629 vide’
271 1592 310 1629 n’
327 1605 445 1643 quam
461 1599 684 1637 φιλοσοφως.
676 1592 697 1620 ⁶2
717 1592 783 1629 An
797 1598 841 1629 tu
853 1603 920 1629 nos
932 1590 1074 1628 frustra
1088 1590 1285 1629 existimas

168 1644 277 1682 haec'
267 1658 309 1683 m
334 1646 513 1684 manibus
546 1646 716 1684 habere?
746 1645 928 1696 Δεὸηχὲαι
947 1651 985 1682 te
1002 1644 1160 1693 nollem,
1181 1644 1285 1696 quod

168 1699 266 1736 nihil
295 1706 400 1738 erat:
430 1699 541 1738 redeo
560 1699 662 1738 enim
680 1712 810 1737 rursus
829 1698 974 1736 eodem.
1005 1697 1284 1751 Quidquamne

168 1765 232 1791 me
263 1760 375 1804 putas
400 1767 530 1792 curare
560 1754 601 1792 in
630 1760 724 1801 toto,
754 1752 828 1791 nisi
849 1760 894 1790 ut
919 1752 954 1790 ei
982 1765 1030 1791 ne
1048 1752 1198 1791 desim?
1235 1751 1286 1790 Id

168 1820 241 1858 ago
266 1807 420 1855 scilicet,
440 1815 485 1846 ut
506 1807 651 1858 judicia
669 1808 796 1846 videar
815 1814 952 1845 tenere.
981 1813 1041 1851 Μη
1061 1821 1130 1855 γαρ
1152 1821 1284 1849 αυτοις.

170 1861 325 1899 Vellem
342 1868 424 1900 tam
443 1862 648 1901 domestica
665 1861 761 1900 ferre
779 1874 944 1913 possem,
965 1873 1084 1912 quam
1102 1859 1175 1898 ista
1192 1872 1285 1898 con-

170 1922 349 1953 temnere.
394 1915 514 1954 Putas
550 1923 680 1954 autem
711 1928 775 1954 me
796 1914 958 1954 voluisse
987 1913 1147 1966 aliquid,
1181 1914 1286 1966 quod

166 1969 379 2020 perfectum
393 1982 471 2008 non
483 1970 556 2008 sit?
572 1982 647 2008 non
659 1970 747 2009 licet
758 1969 898 2009 scilicet
912 1969 1135 2008 sententiam
1147 1981 1279 2006 suam:

166 2023 232 2061 sed
250 2029 393 2072 tamen,
414 2037 501 2075 quae
515 2030 599 2062 tum
614 2031 697 2063 acta
711 2031 813 2070 sunt,
829 2035 906 2061 non
924 2035 1082 2075 possum
1099 2034 1175 2061 non
1193 2035 1283 2074 pro-

167 2079 284 2115 bare:
313 2085 350 2115 et
375 2086 503 2116 tamen
526 2090 604 2117 non
626 2091 757 2117 curare
785 2077 944 2130 pulchre
973 2089 1144 2129 possum>
1171 2075 1283 2115 sicuti

167 2131 275 2170 facio.
305 2132 382 2172 Sed
400 2132 565 2171 nimium
583 2134 707 2172 multa
725 2133 772 2171 de
791 2132 914 2184 nugis.
