1467 2401
297 85 378 125 AD
405 85 695 126 ATTICUM.
724 86 826 127 Lm.
847 87 926 127 XI.
960 87 1025 125 12.
1176 87 1231 125 83

103 194 261 247 exsequi
279 195 450 247 possim;
471 195 543 234 hoc
560 196 706 245 minus,
727 197 830 249 quod
849 209 910 235 res
929 196 1039 234 nulla
1055 202 1125 245 est,
1146 209 1236 248 quae

103 249 301 288 scribenda
319 250 396 296 sit3
426 262 516 288 cum
544 252 757 302 praesertim
784 264 833 290 ne
855 265 940 302 spes
966 251 1125 302 quidem
1152 251 1238 289 ulla

104 303 342 352 ostendatur,
362 305 443 343 fore
461 305 614 344 melius.
654 305 718 344 Ita
732 307 816 355 jam
836 318 884 343 ne
903 314 988 344 tuas
1008 305 1167 356 quidem
1185 305 1237 343 li-

104 365 203 396 teras
223 367 400 409 exspecto
416 373 428 403 ;
459 373 700 411 quamquam
719 373 868 412 semper
886 360 1035 411 aliquid
1053 359 1233 407 afferunt,

106 412 212 463 quod
243 413 372 451 velim.
407 413 555 462 Quare,
584 422 629 452 tu
658 415 816 467 quidem
845 414 1009 462 scribito,
1031 427 1121 452 cum
1148 414 1233 461 erit,

106 467 169 505 cui
186 466 253 505 des
270 481 281 505 :
312 482 382 519 ego
401 468 478 506 tuis
495 469 697 520 proximis,
719 483 815 521 quas
834 478 964 507 tamen
981 470 1063 518 jam
1083 468 1235 519 pridem

105 521 248 573 accepi,
277 522 376 561 nihil
402 522 539 571 habeo,
576 524 680 574 quod
708 524 926 563 rescribam.
961 523 1101 574 Longo
1130 522 1236 560 enim

104 574 305 614 intervallo
324 577 433 615 video
462 577 671 617 immutata
699 592 779 617 esse
798 578 929 616 omnia
945 592 954 615 :
985 578 1053 615 illa
1073 590 1152 615 esse
1171 576 1237 614 fir-

104 642 184 677 ma,
205 644 293 682 quae
321 631 499 681 debeant,
529 644 598 670 nos
624 634 798 673 stultitiae
825 641 967 671 nostrae
991 631 1237 684 gravissimas

105 697 236 735 poenas
250 686 427 737 pendere.

161 739 209 777 P.
231 740 414 779 Sallustio
440 741 609 782 curanda
638 750 729 781 sunt
749 742 820 782 HS
840 741 984 788 XXX,
1005 754 1093 793 quae
1109 739 1238 792 accepi

106 806 130 831 a
142 792 215 832 Cn.
235 794 428 834 Sallustio.
450 795 583 834 Velim
597 798 742 845 videas,
756 805 801 835 ut
816 797 896 835 sine
909 796 1018 834 mora
1039 803 1234 834 curentur.

106 847 170 886 De
189 848 234 886 ea
252 862 293 887 re
311 849 443 901 scripsi
458 850 507 888 ad
522 851 748 891 Terentiam
765 865 776 897 ;
798 859 914 903 atque
928 851 1000 890 hoc
1015 850 1143 901 ipsum
1155 850 1242 899 jam

105 915 225 954 prope
240 912 486 942 consumtum
500 913 567 944 est.
598 907 745 955 Quare,
758 906 799 944 id
814 919 984 958 quoque,
1000 904 1132 952 velim,
1149 917 1240 943 cum

106 956 176 995 ina
194 957 336 1006 videas,
364 966 409 996 ut
427 959 489 1006 sit,
510 962 580 1011 qui
610 969 779 1000 utamur.
811 961 892 999 Hic
920 960 1078 998 fortasse
1106 966 1240 1010 potero

108 1024 273 1059 sumere,
291 1012 323 1050 si
338 1013 455 1051 sciam
469 1014 554 1053 istic
567 1023 748 1068 paratum
762 1015 843 1053 fore
860 1029 871 1053 ε
901 1014 968 1053 sed
985 1014 1107 1066 prius,
1121 1025 1243 1065 quam

106 1065 148 1104 id
167 1066 317 1114 scirem,
338 1067 436 1105 nihil
451 1081 539 1106 sum
558 1084 675 1109 ausus
695 1083 858 1109 sumere.

162 1120 246 1169 Qui
264 1121 313 1159 sit
330 1122 508 1161 omnium
525 1138 654 1163 rerum
670 1133 791 1163 status
809 1131 950 1171 noster,
970 1122 1087 1161 vides.
1125 1122 1241 1161 Nihil

108 1181 164 1212 est
183 1175 291 1222 mali,
309 1177 413 1228 quod
432 1189 510 1215 non
530 1187 567 1216 et
586 1180 797 1218 sustineam
817 1186 854 1217 et
873 1185 1093 1230 exspectem
1111 1192 1120 1215 :
1143 1190 1242 1228 qua-

109 1242 198 1267 rum
230 1243 359 1268 rerum
386 1244 429 1269 eo
457 1233 608 1283 gravior
638 1241 693 1272 est
720 1233 842 1279 dolor,
864 1245 941 1284 quo
961 1232 1074 1282 culpa
1101 1233 1240 1281 major.

109 1283 186 1321 Ille
210 1284 251 1322 in
273 1284 424 1323 Achaia
451 1299 530 1324 non
550 1296 670 1326 cessat
688 1288 736 1326 de
754 1287 865 1325 nobis
884 1287 1091 1324 detrahere.
1127 1286 1241 1324 Nihil

110 1337 284 1378 videlicet
298 1346 375 1378 tuae
388 1340 510 1379 literae
522 1342 778 1394 profecerunt.
794 1341 908 1381 Vale.
916 1341 1031 1379 VIII
1047 1340 1108 1379 Id.
1118 1340 1243 1379 Mart.

330 1505 448 1557 (12.)
481 1505 696 1547 CICERO
723 1504 950 1548 ATTICO
980 1505 1020 1545 S.

165 1610 353 1664 Cephalio
371 1614 470 1653 mihi
495 1629 519 1654 a
537 1622 576 1654 te
593 1616 724 1655 literas
744 1615 909 1655 reddidit
928 1628 962 1653 a.
983 1614 1022 1653 d.
1043 1614 1158 1653 VIII
1177 1613 1242 1653 Id.

112 1664 234 1705 Mart.
247 1681 413 1720 vespere.
442 1669 506 1708 Eo
524 1678 657 1710 autem
676 1671 738 1709 die
756 1684 873 1709 mane
891 1669 1110 1708 tabellarios
1128 1669 1246 1708 mise-

111 1734 211 1769 ram,
233 1722 376 1774 quibus
394 1723 445 1762 ad
463 1732 501 1763 te
519 1725 701 1764 dederam
720 1726 860 1764 literas.
890 1724 990 1762 Tuis
1017 1732 1149 1762 tamen
1167 1724 1246 1762 lec-

111 1775 160 1814 tis
177 1776 311 1825 literis,
324 1779 459 1829 putavi
477 1779 626 1832 aliquid
644 1780 931 1819 rescribendum
947 1792 1042 1826 esse,
1055 1778 1242 1826 maxime,

110 1830 216 1882 quod
235 1831 416 1879 ostendis,
437 1840 475 1872 te
492 1835 658 1886 pendere
672 1834 807 1882 animi,
824 1846 1036 1887 quamnam
1055 1833 1246 1872 rationem

111 1885 185 1923 sim
205 1885 349 1925 Caesari
377 1887 564 1928 allaturus
581 1889 824 1941 profectionis
842 1902 940 1927 meae
958 1897 1059 1935 tum,
1080 1901 1170 1926 cum
1196 1900 1246 1926 ex

112 1938 229 1979 Italia
247 1940 495 1981 discesserim.
526 1944 641 1982 Nihil
660 1957 758 1996 opus
777 1952 833 1983 est
846 1943 945 1981 mihi
956 1943 1056 1981 nova
1070 1942 1217 1981 ratione
1231 1956 1244 1980 τ

111 2007 214 2046 saepe
232 1995 337 2034 enim
356 1996 406 2035 ad
426 2009 518 2036 eum
536 1998 682 2051 scripsi,
703 1999 915 2051 multisque
939 1997 1137 2044 mandavi,
1166 2009 1245 2034 non

110 2049 294 2101 potuisse,
321 2064 412 2089 cum
442 2054 649 2104 cupissem,
678 2066 870 2092 sermones
898 2053 1106 2092 hominum
1134 2051 1249 2090 susti-

110 2106 448 2159 nere3qmultaque
465 2107 508 2145 in
526 2121 612 2147 eam
631 2108 872 2148 sententiam.
902 2107 1018 2146 Nihil
1032 2107 1136 2144 enim
1149 2112 1246 2151 erat,

110 2158 215 2210 quod
242 2164 251 2172 ’
278 2160 287 2174 ’”
384 2174 475 2201 eum
493 2163 635 2202 vellem
658 2163 896 2212 existimare,
917 2175 1038 2216 quam
1056 2173 1120 2202 me
1138 2158 1249 2199 tanta

109 2212 158 2254 de
175 2226 246 2258 rcoe
263 2231 308 2257 co
357 2261 363 2270 ¹,
376 2228 420 2256 eo
439 2216 598 2258 consilio
614 2230 735 2262 usum
755 2230 846 2258 esse.

212 2274 326 2325 ipist.

202 2319 222 2341 Γ
335 2328 341 2341 t
