1498 2401
352 131 435 170 AD
463 130 754 171 ATTICUM.
784 130 885 169 Lm.
907 129 1004 169 XV.
1031 130 1096 169 14.
1206 130 1288 169 223

209 240 295 280 Nos
304 238 370 278 hic
382 246 668 290 Φιλοσοφουμεν,
679 238 793 292 (quid
805 239 908 277 enim
921 236 1070 289 aliud?)
1086 245 1124 277 et
1139 253 1188 277 τα
1203 252 1286 289 περι

156 309 218 333 του
244 296 466 337 καθηκοντος
487 293 692 344 magnifice
711 293 964 345 explicamus,
985 300 1292 343 προσφωνουμεν-

154 361 232 399 que
259 345 459 386 Ciceroni:
490 346 568 398 qua
596 347 644 385 de
671 361 714 386 re
745 347 849 385 enim
878 346 1006 398 potius
1036 353 1144 398 pater
1171 345 1252 384 filio
1267 348 1286 384 ?

155 401 310 440 Deinde
325 401 411 440 alia.
442 400 551 450 Quid
569 401 707 454 quaeris
721 403 739 440 ’ἓ
759 401 923 440 exstabit
935 412 1049 452 opera
1066 398 1290 452 peregrina-

155 455 272 494 tionis
296 455 426 506 hujus.

225 510 443 549 Varronem
479 508 593 548 hodie
624 517 691 548 aut
735 523 816 548 cras
848 515 1056 547 venturum
1086 508 1292 559 putabant.

155 563 245 615 Ego
264 570 395 601 autem
419 563 460 600 in
480 563 763 616 Pompeianum
789 564 1068 615 properabam3
1101 573 1179 599 non
1213 574 1292 613 quo

155 617 229 655 hoc
253 617 338 656 loco
373 617 590 669 quidquam
626 617 852 669 pulchrius;
883 616 949 655 sed
986 615 1289 667 interpellatores

155 670 236 710 illic
251 671 382 709 minus
400 671 563 710 molesti.
593 671 670 711 Sed
688 671 891 723 perscribe,
908 682 1051 722 quaeso,
1073 682 1161 721 quae
1176 682 1293 708 causa

157 725 206 763 sit
223 725 266 763 in
285 725 464 777 Myrtilo,
484 728 630 777 (poenas
649 725 807 778 quidem
825 725 940 763 illum
969 723 1196 776 pependisse
1219 737 1290 761 au-

157 778 283 826 divi);
310 787 362 828 et,
384 779 523 818 satisne
540 788 683 832 pateat,
703 779 807 818 unde
825 785 1038 830 corruptus.

213 833 312 872 Haec
337 846 427 872 cum
455 834 671 881 scriberem,
698 841 852 872 tantum
881 832 986 885 quod
1019 831 1289 870 existimabam

158 886 209 926 ad
227 894 266 926 te
296 888 508 926 orationem
527 902 605 927 esse
622 889 822 940 perlatam.
863 887 974 926 Hui!
1007 899 1127 938 quam
1152 885 1286 933 timeo,

162 940 258 993 quid
283 941 486 980 existimes.
516 942 605 981 Etsi
629 942 725 994 quid
749 941 799 980 ad
816 954 894 991 me,
915 954 1003 992 quae
1021 952 1099 979 non
1119 938 1167 978 sit
1185 938 1289 977 foras

163 995 376 1047 proditura,
398 995 472 1035 nisi
500 996 698 1048 republica
726 996 948 1049 recuperata
965 997 983 1034 Ρ
1013 994 1061 1034 de
1090 1006 1169 1047 quo
1196 992 1293 1045 quid

167 1062 331 1101 sperem,
350 1062 430 1090 non
448 1051 570 1090 audeo
590 1050 762 1090 scribere.

382 1248 499 1302 (14.)
528 1247 743 1289 menno
772 1243 998 1286 ATTICO
1027 1244 1068 1285 s.

216 1379 334 1418 Sexto
361 1378 446 1418 Cal.
466 1378 595 1430 accepi
613 1391 635 1416 a
654 1376 861 1416 Dolabella
878 1376 1021 1423 literas,
1042 1386 1209 1427 quarum
1222 1386 1291 1412 ex-

161 1433 335 1485 emplum
361 1433 432 1472 tibi
449 1433 560 1471 misi:
593 1432 635 1470 in
653 1432 796 1485 quibus
816 1439 909 1478 erat,
930 1429 1060 1468 omnia
1083 1441 1123 1467 se
1141 1427 1287 1475 fecisse,

162 1501 251 1539 quae
268 1494 312 1526 tu
337 1488 464 1526 velles.
505 1486 646 1527 Statim
674 1487 708 1525 ei
740 1484 927 1537 rescripsi,
949 1492 986 1522 et
1009 1482 1145 1521 multis
1164 1481 1289 1520 verbis

161 1541 302 1592 gratias
322 1542 395 1594 egi.
425 1541 501 1581 Sed
519 1548 663 1588 tamen,
684 1553 734 1578 ne
759 1539 976 1585 miraretur,
1005 1550 1073 1576 cur
1097 1537 1201 1575 idem
1220 1535 1290 1574 ite-

162 1608 250 1634 rum
275 1595 452 1643 facerem,
473 1595 546 1635 hoc
564 1608 688 1634 causae
706 1594 841 1642 sumsi,
863 1592 966 1645 quod
986 1605 1034 1630 ex
1060 1599 1098 1630 te
1122 1591 1207 1642 ipso
1227 1602 1292 1628 eo-

162 1662 246 1688 ram
266 1657 378 1688 antea
395 1650 494 1688 nihil
506 1649 715 1702 potuissem
727 1660 961 1699 cognoscere.
990 1645 1067 1686 Sed
1079 1644 1174 1698 quid
1185 1644 1289 1682 mul-

166 1711 207 1742 ta
219 1706 237 1743 ,⁹
268 1704 397 1744 literas
413 1704 487 1744 hoc
505 1704 683 1756 exemplo
702 1702 814 1741 dedi:

412 1814 441 1836 “
465 1814 603 1853 Cicero
620 1813 826 1852 Dolabellae
849 1813 936 1852 Cos.
956 1821 1036 1848 suo.

222 1926 251 1948 “
270 1921 397 1963 Antea
414 1934 504 1961 cum
518 1935 586 1975 per
604 1921 732 1961 literas
748 1919 874 1960 Atu'ci
891 1918 1014 1958 nostri
1032 1917 1080 1956 de
1097 1913 1166 1954 tua
1183 1927 1290 1955 sum-

162 1980 231 2019 ma
247 1976 487 2023 liberalitate,
508 1989 739 2029 summoque
756 1988 847 2027 erga
871 1988 910 2013 se
934 1971 1132 2019 beneficio,
1153 1968 1288 2009 certior

163 2034 288 2074 factus
306 2044 426 2071 essem
442 2044 455 2078 ;
485 2043 651 2083 cumque
666 2038 711 2069 tu
729 2030 812 2082 ipse
831 2028 946 2068 etiam
971 2026 1021 2066 ad
1038 2038 1102 2064 me
1120 2023 1292 2085 scripsis-

166 2102 239 2137 seS,
259 2095 296 2126 te
320 2086 454 2126 fecisse
471 2097 516 2124 ea
533 2099 621 2138 quae
638 2097 709 2124 nos
727 2083 1004 2128 voluissemus;
1034 2079 1096 2131 egi
1113 2079 1184 2116 t1b1
1201 2090 1291 2138 gra?

166 2143 239 2182 tias
256 2153 325 2194 per
336 2140 465 2179 literas
476 2139 525 2179 iis
542 2139 682 2189 verbis,
701 2145 747 2178 ut
763 2137 1008 2189 intelligeres,
1027 2132 1125 2172 nihil
1137 2138 1175 2170 te
1191 2131 1291 2169 miln

168 2196 315 2249 gratius
333 2195 455 2234 facere
472 2193 653 2246 potuisse.
682 2194 822 2232 Postea
839 2204 928 2231 vero
946 2201 1065 2242 quam
1083 2187 1165 2248 ipse
1182 2186 1292 2244 Atti-3

171 2264 238 2291 cus
265 2250 312 2290 ad
349 2262 412 2289 me
437 2248 542 2289 venit
572 2248 613 2288 in
644 2247 915 2289 Tusculanum
944 2244 1062 2294 hujus
1095 2253 1210 2281 umus
1239 2251 1294 2278 re1
