1498 2401
298 96 383 138 AD
411 98 702 139 ATTICUM.
731 99 833 138 Lm.
862 100 989 139 xm.
1021 101 1086 138 45.
1187 99 1258 143 171

355 207 475 260 (44.)
510 207 724 248 CICERO
753 199 977 251 ATTICO
1006 210 1046 248 s,

190 316 335 355 Suavoe
352 323 438 355 tuas
463 317 621 363 literas;
651 318 720 356 etsi
745 320 880 357 acerba
910 330 1066 370 pompa.
1097 318 1269 358 Verum-

135 377 266 408 tamen
296 370 391 409 scire
419 372 552 410 onmia
580 383 659 409 non
678 374 860 411 acerbum
887 379 957 419 est,
984 373 1045 411 vel
1072 373 1119 411 de
1138 373 1270 410 Cotta.

134 424 335 476 Populum
365 437 455 465 vero
487 425 732 477 praeclarum,
770 426 889 478 quod,
927 434 1082 477 propter
1118 426 1268 464 malum

134 478 319 529 vicinum,
335 492 384 518 ne
397 480 580 519 Victoriae
595 480 752 532 quidem
767 481 979 532 plauditur.
1001 481 1149 519 Brutus
1165 480 1270 531 apud

133 544 198 571 me
215 533 292 571 fuit
306 548 318 572 ι
349 534 412 572 cui
431 534 589 587 quidem
615 535 727 574 valde
752 535 943 586 placebat,
963 547 1028 572 me
1053 535 1201 587 aliquid
1221 534 1270 572 ad

136 585 344 626 Caesarem.
373 589 603 627 Annueram
620 603 633 635 ς
665 589 730 627 sed
748 601 935 641 pompam
954 589 1112 628 videret.

188 641 255 680 Tu
274 650 405 681 tamen
423 656 541 682 ausus
560 656 599 681 es
617 643 786 682 Varroni
805 643 896 682 dare
909 646 927 683 ἓ
957 651 1149 696 exspecto,
1171 643 1266 696 quid

130 695 289 746 judicet.
319 697 489 745 Quando
508 704 638 736 autem
658 699 828 750 perleget
847 700 865 736 ἒ

186 750 252 790 De
282 751 428 801 Attica,
459 753 591 804 probo.
622 752 696 791 Est
722 751 909 804 quiddam
939 751 1056 790 etiam
1086 751 1265 790 animum

134 805 255 843 levari
273 818 362 845 cum
382 806 628 859 spectatione,
642 814 728 846 tum
744 807 861 846 etiam
878 806 1072 858 religionis
1088 806 1271 858 opinione

136 866 175 898 et
192 858 312 898 fama.

204 916 233 937 ‘⁹‘
254 914 411 954 Cottam
426 915 451 933 ”
489 916 601 963 mihi,
623 915 754 962 velim,
788 916 932 954 mittas.
976 917 1005 938 “
1026 915 1221 954 Libonem
1237 915 1266 932 ”

133 980 287 1006 mecum
301 969 450 1015 habeo;
482 977 520 1008 et
536 970 748 1008 habueram
767 978 856 1009 ante
876 973 904 992 “
922 970 1130 1009 Cascam.’‘

185 1023 336 1062 Brutus
354 1024 452 1062 mihi
473 1024 524 1062 T.
546 1024 693 1075 Ligarii
713 1025 836 1063 verbis
855 1024 1062 1068 nuntiavit,
1077 1023 1181 1076 quod
1194 1036 1265 1075 ap-

135 1077 302 1128 pelletur
320 1078 369 1116 L.
393 1078 589 1117 Curfidius
603 1079 644 1116 in
663 1078 833 1117 oratione
852 1078 1077 1130 Ligariana,
1098 1086 1269 1117 erratum

133 1143 212 1169 esse
245 1145 404 1171 meum:
449 1133 516 1170 sed
550 1136 611 1176 (ut
641 1131 768 1182 aiunt)
803 1147 1013 1182 μνημωικῡν
1046 1132 1266 1181 οἷμαρτημα.

134 1185 310 1224 Sciebam
329 1186 550 1225 Curfidium
565 1187 889 1238 pernecessarium
905 1186 1151 1237 Ligariorum
1169 1200 1180 1223 z
1203 1185 1269 1223 sed

134 1252 225 1277 eum
256 1240 368 1279 video
396 1248 485 1279 ante
514 1254 593 1279 esse
622 1249 834 1279 mortuum.
865 1240 931 1278 Da
961 1240 1094 1291 igitur,
1123 1252 1268 1291 quaeso,

132 1294 332 1344 negotium
352 1295 557 1342 Pharnaci,
579 1297 735 1346 Antaeo,
765 1295 911 1344 Salvio,
931 1302 977 1333 ut
997 1294 1038 1333 id
1056 1306 1199 1333 nomen
1218 1307 1267 1333 ex

132 1347 314 1388 omnibus
333 1349 443 1390 libris
463 1350 632 1388 tollatur.

352 1509 469 1566 (45.)
511 1513 726 1554 CICERO
754 1511 978 1552 ATTICO
1008 1512 1050 1552 S.

188 1621 283 1660 Fuit
301 1622 407 1674 apud
426 1635 490 1661 me
519 1623 661 1662 Lamia
678 1629 767 1675 post
783 1622 994 1660 discessum
1013 1628 1127 1660 tuum
1144 1634 1156 1667 3
1187 1621 1273 1673 epi·-

134 1675 351 1728 stolamque
370 1677 420 1715 ad
437 1690 501 1715 me
521 1678 652 1716 attulit
665 1677 827 1716 missam
842 1676 914 1715 sibi
933 1690 957 1714 a
975 1676 1151 1722 Caesare3
1183 1689 1271 1727 quae

134 1743 376 1782 quamquam
402 1740 491 1770 ante
514 1731 605 1770 data
633 1739 727 1778 erat,
756 1743 875 1783 quam
904 1730 982 1768 fflae
1007 1730 1269 1778 Diocharinae,

135 1790 266 1822 tamen
284 1785 402 1836 plane
429 1786 661 1834 declarabat,
689 1786 804 1824 illum
823 1793 912 1824 ante
934 1784 1047 1823 ludos
1069 1785 1270 1823 Romanos

133 1850 214 1877 esse
257 1847 492 1879 venturum:
525 1841 567 1879 in
603 1841 684 1892 qua
721 1838 894 1879 extrema
937 1839 1125 1891 scriptum
1172 1847 1268 1886 erat,

132 1899 178 1930 ut
207 1892 258 1931 ad
289 1893 403 1932 ludos
437 1895 568 1933 omnia
598 1903 765 1947 pararet,
794 1907 891 1933 neve
921 1894 1190 1940 committeret,
1224 1900 1269 1931 ut

131 1945 276 1986 frustra
300 1947 382 1999 ipse
409 1948 656 2001 properasset.
685 1949 849 1988 Prorsus
875 1961 924 1987 ex
952 1948 1012 1987 his
1039 1947 1159 1986 literis
1189 1958 1267 1984 non

134 2000 338 2040 videbatur
363 2016 442 2041 esse
461 2003 640 2051 dubium,
671 2004 767 2055 quin
786 2010 875 2042 ante
895 2015 980 2041 eam
1008 2002 1112 2040 diem
1131 2008 1270 2039 ventu-

133 2067 201 2094 rus
231 2063 353 2095 esset:
383 2057 565 2110 idemque
591 2059 734 2106 Balbo,
761 2070 852 2096 cum
878 2070 964 2095 eam
990 2056 1192 2108 epistolam
1211 2055 1268 2093 le-

133 2108 264 2160 gisset,
283 2110 405 2149 videri
422 2111 564 2151 Lamia
583 2112 746 2152 dicebat.
775 2112 872 2150 Dies
886 2112 1070 2150 feriarum
1089 2109 1188 2148 mihi
1199 2108 1269 2146 ad-

134 2163 236 2202 ditos
267 2164 403 2204 video:
434 2166 516 2214 sed,
549 2179 671 2219 quam
701 2167 861 2214 multos,
887 2166 962 2214 fac,
989 2165 1021 2203 si
1049 2177 1114 2202 me
1140 2175 1264 2211 amas,

135 2217 252 2257 sciam
268 2233 280 2257 ε
310 2219 359 2259 de
377 2220 514 2259 Baebio
526 2221 686 2273 poteris,
701 2228 739 2260 et
752 2220 800 2260 de
811 2221 931 2260 altero
945 2219 1070 2258 vicino
1084 2216 1267 2270 Egnatio.
