1467 2401
220 116 276 162 76
439 119 522 158 AD
550 118 843 159 ATTICUM.
876 119 978 158 Lm.
998 118 1078 158 XI·
1110 117 1149 158 6.

216 237 436 266 arcesseret.
465 228 605 267 Minus
631 228 815 268 sermonis
833 227 1035 267 subiissem
1049 242 1061 266 :
1089 227 1221 266 minus
1243 239 1351 267 acce-

216 279 360 332 pissem
379 282 543 321 doloris:
572 283 703 335 ipsum
720 283 794 322 hoc
811 295 876 321 me
893 295 973 321 non
991 289 1159 334 angeret.

271 334 473 375 Brundisii
496 338 635 387 jacere,
658 337 700 375 in
727 349 860 375 omnes
886 344 1012 388 partes
1040 344 1097 375 aet
1122 336 1345 375 molestum.

216 387 384 441 Propius
413 391 601 439 accedere,
621 399 666 429 ut
690 391 840 439 suades,
861 404 939 443 quo
966 391 1083 429 modo
1107 390 1189 429 sine
1204 389 1350 428 lictori-

213 442 303 490 bus,
324 457 421 496 quos
439 447 608 497 populus
626 445 745 493 dedit,
765 459 938 497 possum,
959 445 1028 497 qui
1046 445 1145 483 mihi
1158 443 1345 482 incolumi

210 496 333 536 adimi
351 512 428 537 non
448 502 644 551 possunt?
675 500 787 548 Quos
812 513 882 551 ego
906 511 1009 537 nunc
1034 499 1228 551 paulisper
1253 511 1344 537 cum

211 551 360 591 bacillis
385 554 425 591 in
451 557 605 593 turbam
626 554 768 603 conjeci
788 554 837 592 ad
859 553 1047 606 oppidum
1073 554 1268 601 accedens,
1294 564 1346 590 ne

213 605 301 697 guis
327 607 497 660 impetus
527 609 699 647 militum
726 608 857 647 fieret:
892 607 1060 660 [reliquo
1089 616 1261 660 tempore
1279 619 1344 645 me

246 673 346 699 omo.

266 714 328 753 Te
346 663 450 756 riunc
468 717 518 755 ad
536 718 710 756 Balbum
731 724 766 756 et
780 716 985 769 Oppium:
1015 715 1063 754 iis
1074 716 1241 768 placeret
1259 728 1344 754 mo·

212 766 264 806 do
295 771 455 822 propius
484 772 674 820 accedere,
712 781 757 810 ut
786 771 859 809 hac
889 771 937 808 de
964 784 1005 809 re
1034 770 1311 809 considerarem
1328 784 1340 808 ε

210 823 323 862 credo
341 825 423 864 fore
441 834 614 865 auctores
630 841 640 864 :
672 826 725 864 sic
744 825 846 864 enim
865 825 1068 876 recipiunt,
1083 824 1242 872 Caesari,
1263 837 1344 863 non

208 877 326 916 modo
360 879 408 918 de
437 880 709 927 conservanda,
732 880 797 918 sed
827 879 943 918 etiam
973 879 1021 917 de
1051 878 1229 930 augenda
1254 879 1344 917 mea.

207 930 410 982 dignitate,
442 947 544 972 curae
570 934 675 972 fore:
706 946 846 985 meque
878 933 1094 980 hortantur,
1119 941 1164 971 ut
1195 945 1340 984 magno

206 986 339 1026 animo
358 988 430 1026 sim
448 1002 460 1034 ς
491 997 535 1026 ut
553 989 685 1026 omnia
703 1000 857 1026 summa
875 1000 1023 1038 sperem
1038 1001 1048 1025 :
1079 992 1124 1037 ea
1135 987 1340 1039 spondent,

206 1040 451 1090 confirmant,
473 1056 560 1094 quae
578 1043 736 1095 quidem
756 1041 854 1080 mihi
877 1041 1132 1094 exploratiora
1150 1049 1287 1092 essent,
1307 1042 1341 1081 si

207 1106 490 1134 remansrssem.

261 1149 338 1187 Sed
355 1150 488 1202 ingero
505 1152 710 1203 praeterita.
746 1151 862 1197 Vide,
884 1163 1028 1204 quaeso,
1048 1150 1167 1203 igitur
1186 1163 1232 1189 ea
1249 1163 1341 1203 quae

205 1210 363 1249 restant,
398 1214 436 1243 et
464 1206 622 1257 explora
651 1219 742 1245 cum
769 1206 881 1252 istis;
911 1214 963 1253 et,
991 1205 1024 1244 si
1057 1205 1212 1257 putabis
1239 1218 1340 1257 opus

204 1269 301 1304 esse,
322 1268 360 1297 et
382 1259 414 1296 si
444 1259 525 1298 istis
544 1261 723 1312 placebit,
751 1273 831 1313 quo
851 1260 974 1311 magis
993 1259 1140 1298 factum
1159 1267 1337 1298 nostrum

206 1308 338 1350 Caesar
356 1315 505 1364 probet,
526 1315 636 1366 quasi
648 1315 695 1354 de
710 1327 867 1353 suorum
881 1315 1068 1353 sententia
1085 1313 1247 1362 factum,
1267 1313 1340 1352 ad-

202 1364 410 1406 hibeantur
439 1368 672 1418 Trebonius,
706 1369 846 1413 Pansa,
874 1369 906 1407 si
931 1368 1000 1420 qui
1029 1368 1119 1406 alii:
1150 1367 1337 1407 scribant·

202 1432 280 1471 que
299 1421 349 1459 ad
364 1422 570 1474 Caesarem,
590 1436 669 1473 me,
690 1423 881 1476 quidquid
898 1422 1068 1473 fecerim,
1093 1422 1142 1461 de
1160 1422 1232 1462 sua
1249 1435 1337 1461 sen-

200 1474 324 1514 tentia
347 1476 490 1516 fecisse.

254 1528 401 1569 Tulliae
431 1543 530 1570 meae
554 1533 713 1573 morbus
737 1539 775 1571 et
801 1531 1043 1571 imbecillitas
1075 1530 1242 1583 corporis
1267 1543 1335 1570 me

198 1583 411 1634 exanimat,
446 1599 566 1637 quam
596 1586 667 1625 tibi
697 1586 874 1638 intelligo
905 1598 1058 1637 magnae
1087 1599 1190 1625 curae
1222 1598 1303 1625 esse
1317 1599 1333 1632 ς

199 1637 306 1688 quod
325 1646 383 1677 est
400 1640 498 1678 mihi
516 1641 792 1691 gratissimum.

255 1691 319 1730 De
347 1694 526 1745 Pompeii
554 1695 661 1733 exitu
689 1695 788 1733 mihi
816 1694 982 1734 dubium
1011 1706 1216 1745 nunquam
1243 1694 1332 1734 fuit.

198 1744 330 1784 Tanta
361 1748 464 1785 enim
492 1749 705 1800 desperatio
728 1761 857 1787 rerum
881 1751 964 1799 ejus
987 1749 1163 1787 omnium
1192 1761 1333 1800 regum

197 1807 236 1837 et
253 1802 488 1851 populorum
507 1804 656 1842 animos
674 1804 894 1855 occuparat,
916 1811 973 1849 ut,
1001 1815 1247 1855 quocumque
1265 1817 1331 1842 ve-

196 1853 329 1902 nisset,
351 1855 423 1894 hoc
443 1866 619 1907 putarem
643 1858 834 1896 futurum.
874 1857 967 1895 Non
987 1869 1146 1908 possum
1165 1859 1248 1907 ejus
1266 1870 1334 1896 ca-

195 1921 287 1946 sum
306 1921 383 1947 non
410 1910 561 1949 dolere:
592 1911 790 1950 hominem
819 1911 924 1950 enim
952 1912 1163 1963 integrum,
1184 1920 1222 1950 et
1247 1924 1330 1951 cas-

194 1968 296 2007 tum,
318 1972 355 2001 et
374 1977 544 2015 gravem,
565 1967 738 2016 cognovi.

246 2017 310 2055 De
329 2017 479 2057 Fannio
497 2022 668 2058 consoler
686 2029 724 2058 te
740 2022 757 2059 ?
789 2020 1006 2059 Perniciosa
1024 2019 1256 2072 loquebatur
1273 2020 1324 2061 de

192 2071 393 2110 mansione
411 2073 491 2112 tua„
530 2073 582 2112 L.
603 2087 693 2113 vero
718 2074 913 2113 Lentulus
939 2073 1138 2114 Hortensii
1161 2073 1325 2115 domum

191 2124 267 2163 sibi
291 2134 329 2164 et
347 2126 507 2166 Caesaris
530 2127 675 2176 hortos,
702 2135 740 2168 et
767 2129 899 2176 Baias,
922 2128 1186 2181 desponderat.
1220 2129 1324 2169 Om-

189 2179 286 2218 nino
303 2180 386 2220 haec
403 2181 537 2220 eodem
553 2182 670 2221 modo
689 2194 737 2221 ex
751 2183 823 2223 hac
841 2190 950 2234 parte
969 2186 1093 2221 fiunt:
1123 2182 1198 2222 nisi
1215 2183 1321 2235 quod

190 2232 287 2272 illud
307 2243 387 2274 erat
405 2235 627 2275 infinitum:
656 2248 792 2276 omnes
804 2238 923 2285 enim,
940 2237 1009 2289 qui
1023 2237 1063 2276 in
1078 2236 1194 2276 Italia
1206 2250 1321 2277 mau-

1457 1898 1467 2083 l

1445 2183 1459 2401 Ι
