1477 2365
296 74 380 115 AD
409 73 694 114 ATTICUM.
726 76 825 114 Lm.
847 73 922 114 lx.
959 74 1017 114 14.
1158 73 1208 112 31

312 181 426 235 (14.)
460 175 671 223 CICERO
700 180 924 223 ATTICO
953 182 1013 224 ss
1061 172 1065 174 ’

149 291 335 330 Miseram
354 288 404 328 ad
421 297 459 328 te
478 290 542 328 IX
559 291 642 329 Cal.
663 292 885 342 exemplum
905 289 1073 344 epistolae
1091 292 1208 331 Balbi

95 346 144 384 ad
158 358 234 392 me,
255 352 292 383 et
311 344 470 383 Caesaris
494 344 543 382 ad
561 357 651 382 eum
667 359 679 391 3
710 358 792 383 ecce
814 345 884 383 tibi
902 345 1033 383 eodem
1053 345 1114 384 die
1132 347 1209 385 Ca-

95 399 174 451 pua
191 399 318 436 literas
346 396 511 449 [accepi]
538 400 586 436 ab
620 399 671 446 Q.
693 399 838 437 Pedio:
870 398 1060 437 Caeffirem
1087 400 1137 437 ad
1169 413 1209 438 se

78 452 213 504 -pridje
231 451 292 490 Id.
314 451 433 489 Mart.
454 452 602 490 misisse
619 452 690 490 hoc
709 453 884 503 exemplo
901 467 911 490 :
946 455 973 475 “
996 453 1205 504 Pompeius

90 519 130 545 se
147 506 288 558 oppido
308 512 419 542 tenet.
449 505 533 543 Nos
552 505 600 543 ad
620 514 747 556 portas
765 514 884 544 castra
902 506 1099 544 habemus.
1130 507 1207 545 Co-

88 573 227 598 namur
245 572 340 610 opus
360 571 560 609 magnum,
582 567 619 597 et
636 559 848 598 multorum
873 559 1038 608 dierum,
1053 569 1208 611 propter

91 613 334 652 altitudinem
367 612 496 650 maris.
537 613 613 651 Sed
643 621 772 651 tamen
799 613 897 651 1111111
914 621 982 661 est,
1008 614 1111 665 quod
1138 621 1206 665 po-

93 667 168 705 tius
186 667 382 705 faciamus.
413 667 478 704 Ab
497 674 660 718 utroque
674 670 805 717 portus
823 680 956 714 cornu,
974 668 1096 706 moles
1114 667 1209 717 jaci-

91 733 193 769 mus,
230 729 276 758 ut
311 727 378 757 aut
407 720 521 757 illum
553 721 844 771 quamprimum
880 721 1063 770 trajicere,
1103 721 1207 772 quod

89 775 206 813 habet
223 774 423 823 Brundisii
448 774 657 825 copiarum,
679 787 872 825 cogamus,
902 782 970 812 aut
995 775 1100 813 exitu
1119 787 1207 826 pro-

90 828 331 867 hibeamus.'’

145 882 227 921 Ubi
258 889 314 920 est
340 882 408 920 illa
433 895 525 933 pax,
555 882 603 920 de
630 881 707 933 qua
730 883 879 920 Balbus
907 883 1103 933 scripserat
1130 890 1207 920 tor-

93 936 203 988 queri
221 938 293 975 se?
323 936 460 987 ecquid
484 936 690 975 acerbius?
720 937 856 988 ecquid
883 937 1100 975 crudelius?
1128 941 1209 974 At-

94 1004 171 1042 que
200 1002 290 1028 eum
315 989 424 1041 loqui
453 990 612 1040 quidam
634 990 854 1032 αυὲεντικως
872 992 1101 1036 narrabant;
1133 990 1209 1029 Cn.

92 1044 292 1090 Carbonis,
314 1043 375 1080 M.
399 1043 528 1089 Bruti,
549 1056 587 1082 se
602 1056 733 1094 poenas
750 1043 940 1095 persequi,
953 1044 1207 1095 omniumque

91 1110 237 1143 eorum,
268 1097 308 1135 in
334 1110 432 1148 quos
458 1098 568 1136 Sulla
593 1097 770 1144 crudelis,
799 1097 871 1135 hoc
898 1097 1011 1146 socio,
1043 1098 1178 1136 fuisset
1194 1110 1208 1134 τ

70 1152 188 1190 *nihil
208 1151 415 1189 Curionem
436 1164 474 1189 se
497 1151 595 1189 duce
617 1151 752 1197 facere,
779 1151 884 1202 quod
913 1164 989 1189 non
1013 1151 1075 1190 hic
1095 1152 1208 1190 Sulla

90 1206 186 1244 duce
215 1205 363 1243 fecisset
389 1203 460 1253 [ad
477 1204 722 1243 ambitionem
742 1220 752 1242 z
783 1218 805 1242 a
824 1206 899 1256 se‚]
921 1205 1062 1256 quibus
1082 1206 1206 1244 exsilii

89 1272 201 1311 poena
226 1258 482 1309 superioribus
510 1258 659 1309 legibus
690 1271 768 1296 non
797 1258 943 1307 fuisset,
970 1261 1019 1297 ab
1047 1259 1114 1297 illo
1138 1273 1209 1310 pa-

90 1313 173 1351 triae
203 1312 428 1364 proditores,
449 1312 496 1350 de
529 1312 661 1350 exsilio
690 1312 863 1351 reductos
896 1325 974 1350 esse
989 1327 1001 1350 :
1033 1314 1141 1364 queri
1159 1313 1207 1352 de

89 1368 241 1406 Milone
265 1380 332 1418 per
357 1366 436 1405 vim
461 1366 648 1418 expulso:
678 1366 872 1404 neminem
899 1373 1028 1405 tamen
1059 1380 1097 1405 se
1126 1367 1206 1405 vio·

88 1421 274 1469 laturum,
300 1420 374 1458 nisi
404 1421 472 1472 qui
499 1433 617 1458 arma.
664 1420 762 1458 Haec
780 1428 910 1459 contra
934 1420 1092 1459 Baebius
1118 1421 1206 1473 qui-

87 1475 194 1522 dam,
223 1488 246 1513 a
279 1474 447 1513 Curione
473 1474 543 1513 111
574 1474 635 1512 Id.
664 1474 868 1525 profectus,
896 1474 1012 1512 homo
1037 1487 1114 1513 non
1145 1476 1206 1512 111-

89 1529 187 1577 fans,
214 1527 300 1578 [sed
322 1528 422 1579 quis,
452 1529 523 1566 ulli
548 1541 625 1566 non
646 1528 779 1580 dican]
812 1529 932 1566 Plane
950 1528 1088 1576 nescio,
1113 1530 1209 1581 quid

88 1596 214 1634 agam.
238 1583 353 1621 Illinc
367 1582 544 1633 equidem
553 1582 716 1620 Cnaeum
727 1582 940 1633 profectum
951 1590 1057 1634 puto.
1078 1583 1207 1631 Quid-

88 1637 183 1688 quid
209 1644 277 1685 est,
308 1636 426 1674 biduo
458 1637 632 1675 sciemus.
672 1636 710 1673 A
733 1643 770 1674 te
798 1637 924 1674 nihil:
962 1649 1011 1675 ne
1039 1637 1206 1676 Anteros

87 1691 244 1742 quidem
271 1690 366 1741 quid
401 1690 626 1728 literarum:
667 1703 737 1729 nec
767 1690 938 1728 mirum:
978 1691 1073 1742 quid
1102 1691 1205 1729 enim

88 1752 157 1792 est,
178 1744 282 1795 quod
300 1744 540 1783 scribamus?
571 1758 640 1795 ego
659 1752 786 1783 tamen
814 1745 967 1782 nullum
989 1744 1091 1783 diem
1109 1758 1210 1796 prae-

91 1806 273 1836 termltto.

144 1852 293 1903 Scripta
312 1852 484 1903 epistola,
512 1852 632 1891 literae
655 1852 752 1890 mihi
774 1860 862 1890 ante
888 1852 1014 1891 lucem
1039 1865 1062 1890 a
1080 1851 1208 1904 Lepta

92 1905 231 1957 Capua
244 1906 400 1944 redditae
414 1913 518 1954 sunt,
540 1906 643 1945 Idib.
658 1906 780 1944 Mart.
793 1907 1024 1959 Pompeium
1039 1920 1062 1944 a
1075 1907 1209 1945 Brun-

89 1960 187 1998 disio
205 1960 475 2010 conscendisse,
494 1968 534 1999 at
553 1960 743 2000 Caesarem
763 1974 797 1999 a.
817 1960 855 1998 d.
868 1960 956 2000 V11
979 1958 1062 2000 Cal.
1075 1961 1207 2013 April.

90 2014 240 2065 Capua:
257 2014 350 2053 fore.
