1498 2401
209 67 290 106 302
387 67 468 106 AD
498 67 550 116 Q.
578 65 879 106 FRATREM.
908 65 1011 104 Lm,
1032 64 1093 104 11.
1118 65 1160 104 3.

212 177 382 228 quodam
402 177 464 216 Μ.
485 177 620 216 Tullio
639 176 686 215 de
704 175 754 215 vi.
786 174 826 214 Is
844 182 924 214 erat
942 188 1053 227 aeger.
1083 174 1261 213 Domum
1276 176 1339 219 (ut

213 232 436 280 debuimus)
456 232 506 270 ad
529 244 619 270 eum
644 231 774 270 statim
793 231 995 275 venimus;
1025 229 1137 281 eique
1155 241 1224 268 nos
1241 236 1340 268 totos

215 286 466 325 tradidimus:
497 286 613 338 idque
634 286 794 325 fecimus
813 292 950 338 praeter
968 284 1175 323 hominum
1192 283 1341 336 opinio-

214 353 319 389 nem,
337 342 405 393 qui
423 354 492 380 nos
512 341 546 380 ei
561 342 648 391 jure
664 352 879 379 succensere
892 341 1109 391 putabant3
1139 346 1185 377 ut
1202 338 1342 377 huma-

214 395 377 441 nissimi,
398 395 693 447 gratissimique,
707 402 744 433 et
757 395 831 446 ipsi
849 402 886 432 et
904 393 1084 432 omnibus
1097 392 1316 432 videremur
1328 406 1342 430 ε

217 450 368 502 ita-que
386 450 584 489 faciemus.
615 449 691 488 Sed
717 449 821 488 idem
848 447 991 487 Nerius
1013 447 1132 486 index
1156 446 1275 486 edidit
1292 445 1343 485 ad

217 505 400 556 allegatos
428 505 501 544 Cn.
521 505 737 543 Lentulum
756 503 940 541 Vacciam
966 509 1004 540 et
1034 500 1080 541 C.
1103 501 1341 540 Cornelium.

219 559 372 598 Eodem
399 559 460 598 die
483 558 875 598 senatus-consultum
893 557 1040 595 factum
1059 564 1129 605 est,
1151 557 1180 579 ‘⁶
1200 556 1259 595 Ut
1282 568 1344 594 so-

219 614 396 653 dalitates
414 613 675 665 decuriatique
693 612 952 658 discederent3
971 611 1114 662 lexque
1132 610 1181 649 de
1198 609 1247 648 iis
1268 610 1346 648 fer-

220 676 340 716 retur,
360 676 418 715 ut,
440 668 508 720 qui
527 680 605 706 non
619 667 890 715 discessissent,
910 666 956 704 ea
973 665 1100 717 poena„
1121 678 1209 718 quae
1223 672 1280 704 aet
1297 663 1346 703 de

223 723 276 772 vi,
296 722 559 762 tenerentur.”

275 779 330 817 A.
357 778 394 815 d.
428 776 496 814 111
521 776 580 814 Id.
616 776 699 814 dixi
726 788 796 827 pro
825 774 959 814 Bestia
985 774 1035 812 de
1059 773 1209 814 ambitu
1240 772 1346 826 apud

219 843 420 884 praetorern
453 832 528 870 Cn.
557 830 793 878 Domitium,
827 830 868 868 in
897 829 980 868 foro
1003 829 1146 875 medio,
1174 828 1349 867 maximo

221 894 411 926 conventu
429 900 440 923 :
471 885 664 938 incidique
682 885 722 922 in
746 897 836 922 eum
854 885 984 923 locum
1003 883 1044 921 in
1063 882 1236 931 dicendo,
1256 895 1346 922 cum

221 941 391 987 Sextius,
412 940 547 979 multis
563 940 603 978 in
624 940 769 992 templo
788 939 958 978 Castoris
977 938 1200 977 vulneribus
1216 949 1348 990 accep-

220 996 284 1043 tis,
311 994 479 1034 subsidio
498 995 639 1034 Bestiae
667 1001 837 1033 servatus
855 1000 962 1032 esset.
999 993 1081 1031 Hic
1098 1006 1350 1042 προῳκονομηυ

226 1066 345 1097 σαμην
366 1049 554 1102 quiddam
573 1063 744 1098 svuoupwc
762 1048 810 1086 de
834 1048 896 1095 iis,
917 1061 1005 1099 quae
1022 1047 1064 1084 in
1081 1046 1260 1086 Sextium
1279 1059 1348 1098 ap-

222 1106 458 1156 parabantur
483 1103 671 1148 crimina;
700 1110 738 1141 et
763 1115 852 1141 eum
877 1102 1011 1140 ornavi
1029 1100 1127 1139 veris
1152 1100 1348 1149 laudibus,

222 1171 366 1211 magno
385 1172 538 1198 assensu
557 1158 748 1197 omnium.
786 1157 866 1196 Res
883 1155 1034 1196 homini
1051 1154 1127 1194 fuit
1144 1155 1349 1194 vehemen-

223 1221 282 1252 ter
300 1220 419 1265 grata.
449 1212 552 1261 Quae
571 1212 642 1251 tibi
660 1224 704 1250 eo
722 1211 858 1259 scribo,
879 1210 986 1263 quod
1003 1223 1067 1249 me
1084 1209 1133 1249 de
1150 1209 1349 1250 retinenda

232 1268 355 1307 Sextii
375 1267 497 1319 gratia
514 1267 633 1306 literis
650 1279 752 1318 saepe
766 1266 961 1305 monuisti.

281 1322 411 1361 Pridie
431 1322 527 1361 Idus
544 1322 627 1360 haec
645 1321 778 1373 scripsi
796 1328 885 1359 ante
901 1321 1042 1359 lucem.
1075 1317 1137 1357 Eo
1162 1318 1225 1357 die
1242 1319 1348 1370 apud

226 1376 488 1428 Pomponium
508 1377 549 1414 in
569 1377 652 1425 ejus
670 1375 815 1426 nuptiis
826 1387 930 1413 eram
944 1380 1171 1413 coenamrus.
1201 1372 1350 1412 Caetera

225 1438 316 1470 sunt
334 1431 374 1468 in
394 1432 507 1469 rebus
525 1431 662 1469 nostris
677 1429 903 1479 hujusmodi
921 1431 982 1472 (ut
1001 1435 1043 1466 tu
1062 1426 1160 1465 mihi
1178 1427 1258 1466 fere
1275 1427 1352 1466 dif-

227 1485 361 1524 fidenti
388 1482 638 1536 praedicabas)
665 1485 780 1536 plena
807 1482 1002 1534 dignitatis
1020 1489 1057 1520 et
1076 1482 1231 1533 gratiae:
1263 1495 1351 1534 quae

227 1539 387 1592 quidem
406 1539 488 1587 tua,
509 1539 565 1576 mi
583 1539 713 1586 frater,
733 1535 951 1590 prudenfizi,
974 1535 1173 1588 patientia,
1194 1536 1349 1585 virtute,

227 1595 381 1647 pietate,
403 1594 590 1631 suavitate
609 1593 739 1640 etiam,
760 1592 844 1640 tibi,
860 1591 1035 1642 mihique
1054 1598 1146 1629 sunt
1163 1591 1349 1630 restitum.

282 1648 437 1686 Domus
456 1647 526 1686 tibi
545 1648 594 1686 ad
619 1648 753 1686 lucum
770 1646 919 1685 Pisonis
945 1644 1148 1684 Liciniana
1165 1644 1354 1685 conducta

227 1710 310 1742 est:
352 1702 432 1750 sed,
458 1710 503 1740 ut
533 1715 655 1753 spero,
686 1702 817 1753 paucis
849 1700 1046 1739 mensibus
1076 1707 1163 1751 post
1192 1699 1352 1739 Calend-

226 1756 426 1805 Quintiles
455 1756 495 1794 in
521 1763 629 1795 tuam
658 1755 939 1806 commigrabis.
970 1754 1102 1792 Tuam
1126 1753 1168 1792 in
1202 1753 1354 1793 Carinis

228 1810 368 1849 mundi
392 1810 624 1849 habitatores
649 1811 799 1849 Lamiae
823 1809 1102 1848 conduxerunt.
1130 1813 1173 1846 A
1192 1815 1244 1856 te,
1269 1817 1356 1860 post

230 1866 341 1904 illam
378 1864 604 1904 Olbiensem
641 1865 857 1916 epistolam,
893 1863 1020 1901 nullas
1055 1862 1184 1901 literas
1215 1863 1356 1915 accepi.

232 1919 342 1967 Quid
361 1932 466 1970 agas,
486 1926 524 1957 et
548 1927 594 1958 ut
615 1927 653 1958 te
677 1919 855 1965 oblecoes,
879 1918 972 1956 scire
996 1917 1137 1968 cupio;
1166 1917 1358 1955 maxime--

231 1987 309 2025 que
326 1981 364 2012 te
381 1973 512 2025 ipsum
531 1973 657 2012 videre
676 1972 981 2025 quamprimum.
1012 1973 1134 2019 eura,
1149 1971 1206 2010 mi
1223 1971 1354 2019 frater,

232 2036 278 2066 ut
297 2028 448 2066 valeas:
479 2035 530 2075 et,
559 2040 798 2080 quamquam
821 2034 877 2065 est
904 2026 1042 2073 hiems,
1069 2033 1200 2064 tamen
1225 2025 1355 2065 Sardi-

233 2082 339 2121 niam
358 2082 472 2122 istam
491 2095 571 2122 esse
590 2082 741 2134 cogites.
770 2081 854 2121 XV
874 2079 1032 2120 Calend.
1054 2079 1177 2118 Mart.
