1498 2401
205 59 281 97 188
374 57 459 96 AD
487 55 780 97 ATTICUM.
809 56 914 96 Lm.
935 55 1057 96 XIV.
1090 58 1153 96 13.

199 174 281 204 tam
300 167 458 215 claram,
479 174 638 219 tamque
656 172 836 205 testatam
860 179 958 214 rem,
981 172 1141 218 tamque
1165 166 1329 215 justam,

201 220 466 268 Buthrotiam,
486 233 565 260 non
591 221 805 260 tenebimus
823 220 956 273 aliqua
980 233 1030 258 ex
1054 222 1196 273 parte?
1224 226 1263 260 et
1287 233 1332 259 eo

201 275 362 328 quidem
380 277 518 327 magis,
543 288 621 328 quo
639 275 710 314 iste
727 275 869 327 plura⁹

255 330 474 369 Nobiscum
502 330 568 369 hic
595 330 869 382 perhonorifice
899 337 937 368 et
964 328 1088 368 amice
1112 328 1323 368 Octavius.

180 397 320 436 ,quem
352 384 511 436 quidem
542 385 603 423 sui
632 385 825 423 Caesarem
853 384 1086 433 salutabant,
1121 383 1329 435 Philippus

198 451 305 484 non;
335 438 466 490 itaque
494 452 543 477 ne
568 451 637 477 nos
662 439 845 500 quidem:
878 451 996 491 quem
1016 451 1115 490 nego
1133 451 1243 490 posse
1261 439 1331 476 bo·

182 505 298 537 ‚num
317 493 465 532 civem:
489 493 544 532 ita
561 494 678 531 multi
696 494 956 541 circumstant,
977 493 1046 544 qui
1065 492 1224 545 quidem
1242 504 1333 530 nos-

199 546 269 586 tris
298 555 462 587 mortem
494 548 734 586 minitantur.
776 548 935 600 Negant
964 547 1047 586 haec
1077 547 1169 585 ferri
1203 559 1328 599 posse.

201 601 312 649 Quid
330 615 472 651 censes,
500 615 589 641 curn
608 603 780 641 Romam
809 615 906 654 puer
935 601 1094 647 venerit,
1114 601 1183 640 ubi
1206 601 1329 640 nostri

198 655 418 695 liberatores
436 657 512 695 tuti
531 670 610 696 osse
629 669 707 695 non
725 656 913 708 possunt?
943 656 1012 708 qui
1041 655 1200 707 quidem
1228 668 1331 694 sem-

198 723 268 762 per
305 721 418 750 erunt
455 712 572 757 clari;
613 710 843 750 conscientia
880 723 969 749 vero
1001 710 1093 748 facti
1125 709 1185 749 sui
1213 709 1331 748 etiam

199 764 323 804 beati:
360 765 427 804 sed
441 778 524 813 nos,
546 766 619 804 nisi
638 779 701 803 me
721 765 835 811 fallit,
853 765 1080 815 jacebimus.
1110 764 1251 817 Itaque
1262 777 1327 803 ex-

198 818 254 857 ire
286 833 393 867 aveo,
425 823 454 842 “
474 821 543 859 ubi
569 833 638 858 nec
671 819 992 871 Pelopidarum‚”
1018 818 1158 871 inquit.
1206 817 1331 857 Haud

198 886 289 912 amo
303 875 364 912 vel
382 874 452 913 hos
464 874 695 926 designatos,
715 874 784 926 qui
799 874 913 912 etiam
934 874 1148 912 declamare
1166 885 1231 912 me
1244 876 1331 912 coe-

199 937 339 979 gerunt
353 942 364 974 ;
386 935 431 966 ut
444 941 493 967 ne
511 929 617 980 apud
630 941 750 980 aquas
762 928 920 980 quidem
935 928 1172 980 acquiescere
1184 927 1327 966 liceret.

199 982 276 1021 Sed
300 982 372 1021 hoc
397 995 494 1021 meae
513 984 644 1022 nimiae
673 983 889 1022 facilitatis:
922 995 1016 1021 nam
1034 982 1076 1020 id
1100 989 1180 1021 erat
1203 993 1330 1034 quon-

198 1036 291 1074 dam
307 1037 417 1089 quasi
429 1050 578 1077 necesse
594 1054 603 1076 ε
635 1051 754 1087 nunc,
771 1050 930 1090 quoquo
942 1036 1059 1076 modo
1077 1049 1118 1076 se
1128 1049 1189 1076 res
1198 1036 1330 1085 habet,

201 1102 279 1129 non
295 1099 350 1130 est
368 1100 474 1130 1tem.

255 1144 390 1193 Quam
408 1146 559 1186 dudum
588 1148 688 1186 nihil
708 1147 847 1195 habeo,
867 1146 974 1199 quod
1002 1145 1052 1185 ad
1074 1154 1112 1184 te
1137 1145 1325 1184 scribam:

198 1200 323 1239 scribo
338 1208 483 1250 tamen,
504 1214 581 1240 non
596 1210 640 1240 ut
658 1202 844 1241 delectem
862 1201 923 1240 his
941 1201 1075 1248 literis,
1092 1200 1157 1239 sed
1171 1199 1331 1238 utelici-

199 1267 266 1293 am
285 1262 383 1294 tuas.
414 1256 495 1304 Tu,
515 1256 547 1295 si
566 1257 662 1308 quid
680 1257 752 1295 erit
768 1256 817 1295 de
835 1256 1004 1301 caeteris;
1034 1255 1082 1294 de
1107 1255 1234 1293 Bruto
1252 1254 1331 1292 uti-

198 1322 289 1360 que,
310 1309 513 1362 quidquid.
535 1311 635 1350 Haec
646 1311 851 1363 conscripsi
861 1311 903 1349 X
919 1310 1003 1349 Cal.
1016 1310 1206 1349 accubans
1223 1308 1329 1360 apud

199 1363 438 1412 Vestorium,
458 1365 658 1404 hominem
671 1373 864 1404 remotum
878 1378 902 1404 a
915 1363 1162 1415 dialecticis,
1150 1376 1191 1402 in
1209 1362 1330 1403 arith-

199 1418 347 1458 meticis
365 1420 455 1459 satis
473 1420 738 1459 exercitatum.

417 1581 535 1635 (13.)
566 1581 779 1624 emmo
808 1581 1022 1623 Arnco
1053 1582 1097 1622 S.

188 1713 199 1720 ‘
253 1711 428 1765 Septimo
441 1712 607 1766 denique
621 1714 683 1754 die
699 1715 821 1754 literae
838 1713 937 1753 mihi
955 1713 1114 1752 redditae
1125 1716 1230 1760 sunt,
1242 1723 1332 1764 quae

192 1772 310 1805 'erant
327 1780 351 1805 a
369 1776 406 1806 te
424 1767 537 1806 XIII
567 1770 756 1809 Calendas
783 1770 904 1808 datae:
939 1769 1080 1821 quibus
1098 1766 1252 1820 quaeris,
1273 1772 1332 1804 at-

200 1834 278 1874 que
297 1821 414 1860 etiam
432 1834 496 1861 me
515 1823 644 1875 ipsum
663 1825 806 1863 nescire
824 1823 1033 1872 arbitraris,
1052 1829 1185 1861 utrum
1204 1819 1329 1871 magis

199 1876 362 1914 tumulis
375 1886 668 1930 prospectuque‚
682 1892 730 1917 an
744 1878 1006 1917 ambulatione
1020 1884 1082 1914 αλι
1073 1891 1194 1924 ιτενει,
1207 1874 1332 1913 delec-

201 1937 271 1968 ter.
310 1930 399 1979 Est,
425 1931 657 1981 mehercule,
679 1936 741 1977 (ut
766 1931 879 1983 dicis)
910 1932 1112 1983 utriusque
1130 1929 1205 1968 loci
1222 1935 1330 1968 tanta

200 1985 416 2034 amoenitas,
429 1993 475 2024 ut
494 1985 683 2036 dubitem,
703 1994 792 2026 utra
810 1985 1078 2039 anteponenda
1096 1984 1158 2023 sit.

259 2102 362 2114 ......
372 2075 475 2113 Αλλ’
495 2089 532 2113 ου
552 2073 675 2120 δαιτος
695 2091 876 2127 επηρατου
897 2091 986 2127 εργα
1005 2081 1183 2124 μεμηλεν.

255 2134 369 2166 Αλλα
388 2136 469 2174 λιην
487 2145 584 2179 μεγα
603 2145 725 2179 πημα,
745 2130 946 2182 ὃιοτρεφες,
966 2143 1198 2180 neopum-rec

257 2181 433 2231 Δειδιμεν·
446 2201 479 2224 εν
500 2184 569 2238 δοιῃ
594 2184 628 2223 δε
651 2199 860 2235 σαωσεμεν,
880 2201 900 2228 η
923 2185 1150 2223 anone-Seu.
