1498 2401
386 114 469 154 AD
498 111 789 152 ATTICUM.
820 113 917 152 Lm.
938 112 1058 152 XIV.
1092 112 1154 157 17.
1261 113 1339 152 199

205 223 334 265 amavi
353 226 416 268 (ut
439 220 531 272 scis)
556 221 619 260 M.
641 222 828 269 Brutum,
858 230 1015 274 propter
1037 223 1121 272 ejus
1140 233 1341 260 summum

204 279 419 331 ingenium,
449 276 694 316 suavissimos
731 289 871 325 mores,
903 276 1139 327 singularem
1170 274 1340 327 probita-

204 342 284 373 tem
301 340 419 384 atque
437 331 713 371 constantiam:
744 339 889 378 tamen,
904 330 1043 369 Idibus
1059 330 1230 377 Martiis,
1251 337 1338 367 tan-

204 395 291 426 tum
305 387 458 426 accessit
477 385 527 425 ad
545 398 731 430 amorem,
747 393 791 423 ut
810 386 970 423 mirarer
986 385 1115 423 locum
1130 384 1248 422 fuisse
1267 397 1338 422 au-

204 441 335 494 gendi,
350 442 392 480 in
411 454 455 480 eo
469 441 575 492 quod
593 440 691 478 mihi
703 440 938 492 jampridem
957 439 1201 477 cumulatum
1221 438 1338 477 etiam

207 496 420 535 videbatur.
451 495 553 543 Quis
571 502 664 543 erat,
686 495 755 546 qui
780 501 947 545 putaret,
975 493 1025 531 ad
1048 507 1139 532 eum
1166 505 1338 531 amorem

207 563 326 603 quem
346 564 436 602 erga
453 557 491 588 te
509 549 716 596 habebam,
730 561 838 601 posse
857 547 1006 599 aliquid
1025 547 1199 586 accedere
1214 549 1230 585 ἓ
1252 554 1340 585 tan-

206 613 292 643 tum
322 604 489 652 accessit,
516 612 560 642 ut
589 603 689 642 mihi
710 616 815 642 nunc
840 602 1007 656 denique
1034 615 1164 640 amare
1194 600 1338 649 videar,

209 667 322 698 antea
336 659 527 698 dilexisse.

262 717 291 737 “
311 713 445 762 Quare
464 713 559 766 quid
578 720 647 761 est,
668 713 773 766 quod
792 726 862 764 ego
877 719 915 750 te
932 712 1075 759 horter,
1096 719 1141 751 ut
1160 710 1340 762 dignitati

207 776 245 809 et
259 769 390 821 gloriae
415 768 554 807 servias
568 770 586 807 Ρ
606 768 828 820 Proponam
848 767 918 805 tibi
937 767 1058 805 claros
1070 766 1170 805 viros
1187 768 1204 804 ἓ
1236 765 1341 817 quod

205 824 330 863 facere
348 823 484 869 solent,
505 822 575 874 qui
590 822 806 861 hortantur.
837 820 1049 861 Neminem
1069 821 1193 859 habeo
1208 819 1342 858 clario-

209 891 306 926 rem,
320 891 440 930 quam
455 885 493 916 te
511 878 655 929 ipsum.
684 877 745 915 Te
757 877 923 924 imitere,
939 883 1102 928 oportet,
1119 883 1248 913 tecum
1263 875 1346 925 ipse

206 940 339 972 certes.
369 933 434 970 Ne
450 932 539 970 licet
557 931 717 984 quidem
735 931 807 970 tibi
821 932 920 981 jam,
941 930 1057 969 tantis
1076 931 1190 968 rebus
1208 928 1341 980 gestiS,

207 1000 286 1026 non
305 987 363 1025 tui
382 987 547 1025 similem
568 999 658 1024 esse.
689 985 808 1034 Quod
828 999 918 1024 cum
933 985 987 1023 ita
1001 985 1063 1031 sit,
1078 984 1243 1023 hortatio
1262 995 1341 1021 non

209 1049 265 1082 est
279 1041 487 1080 necessaria
501 1055 512 1086 ;
534 1041 790 1092 gratulatione
802 1040 926 1091 magis
938 1039 1129 1078 utendum
1141 1045 1209 1077 est.
1235 1037 1343 1077 Con-

209 1096 297 1148 tigit
315 1096 420 1135 enim
438 1095 522 1144 tibi,
539 1095 643 1147 quod
661 1094 769 1133 haud
787 1095 864 1133 scio
883 1107 933 1132 an
951 1093 1114 1141 nemini,
1128 1101 1173 1131 ut
1187 1105 1344 1131 summa

210 1151 388 1190 severitas
418 1149 758 1189 animadversionis
784 1161 862 1187 non
887 1148 1004 1187 modo
1032 1160 1112 1186 non
1141 1146 1344 1194 invidiosa,

209 1205 277 1245 sed
308 1205 425 1244 etiam
449 1204 647 1257 popularis
679 1212 790 1251 esset,
823 1211 861 1242 et
885 1216 976 1242 cum
1005 1201 1118 1241 bonis
1145 1201 1343 1251 omnibus,

213 1268 298 1300 tum
317 1259 453 1305 infimo
471 1259 626 1310 cuique,
646 1259 876 1310 gratissima.

268 1314 396 1353 “Hoc
408 1313 440 1352 si
455 1313 525 1353 tibi
533 1313 693 1352 fortuna
705 1312 877 1364 quadam
893 1311 1126 1363 contigisset,
1134 1310 1347 1363 gratillarer
1369 1311 1377 1319 ⁸

211 1369 384 1409 felicitati
400 1376 503 1407 tuae:
535 1367 602 1406 sed
617 1367 777 1419 contigit
795 1366 1078 1418 magnitudine,
1099 1378 1190 1404 cum
1209 1364 1346 1414 animi,

211 1432 299 1464 tum
318 1423 435 1462 etiam
453 1421 599 1474 ingenii
618 1429 734 1474 atque
753 1421 913 1460 consilii.
952 1420 1052 1472 Legi
1072 1420 1176 1459 enim
1197 1419 1348 1458 concio-

212 1492 304 1518 nem
321 1485 456 1517 tuam:
487 1477 586 1516 nihil
603 1476 671 1515 ina
683 1476 906 1529 sapientius.
937 1476 1001 1515 Ita
1011 1474 1248 1528 pedetentim
1263 1481 1349 1513 tum

213 1546 384 1574 accessus
413 1546 437 1571 a
460 1539 498 1571 te
525 1531 576 1570 ad
594 1544 751 1570 causam
775 1530 881 1578 facti,
911 1538 998 1569 tum
1017 1542 1199 1577 recessus,
1219 1536 1264 1567 ut
1288 1542 1348 1567 res

213 1589 299 1641 ipsa
315 1587 580 1626 maturitatem
604 1586 677 1625 tibi
704 1584 1034 1625 animadvertendi
1055 1584 1234 1623 omnium
1259 1595 1352 1622 con-

216 1656 324 1683 cessu
342 1642 461 1681 daret.

272 1699 301 1721 “
316 1695 507 1736 Liberiisti
525 1696 647 1748 igitur
668 1703 706 1735 et
718 1696 871 1735 Urbem
895 1694 1080 1748 periculo,
1094 1700 1131 1732 et
1156 1692 1352 1732 civitatem

216 1759 324 1792 metu
337 1766 349 1790 ι
380 1764 505 1804 neque
523 1752 649 1790 solum
668 1751 718 1790 ad
736 1759 890 1803 tempus
908 1749 1124 1788 maximam
1143 1748 1352 1786 utilitatem

217 1805 394 1854 attulisti,
415 1805 481 1845 sed
503 1806 619 1844 etiam
642 1805 692 1844 ad
718 1806 955 1858 exemplum.
985 1804 1078 1852 Quo
1102 1802 1217 1851 facto,
1237 1802 1353 1841 intel-

217 1862 337 1914 ligere
355 1860 484 1907 debes,
499 1859 541 1898 in
559 1867 598 1899 te
611 1860 778 1913 positam
797 1873 876 1900 esse
887 1858 1183 1911 rempublicam,
1203 1856 1352 1909 tibique

218 1928 298 1956 non
311 1915 427 1954 modo
446 1915 622 1963 tuendos,
637 1912 711 1953 ‘sed
729 1914 846 1954 etiam
860 1913 1064 1961 ornandos,
1083 1911 1172 1951 illos
1196 1911 1312 1959 viros,
1328 1924 1353 1949 a

222 1971 365 2024 quibus
383 1969 541 2008 initium
564 1969 752 2009 libertatis
780 1969 999 2022 profectum
1024 1974 1092 2006 eet.
1125 1966 1203 2006 Sed
1219 1965 1280 2004 his
1305 1964 1355 2005 de

221 2027 336 2065 rebus
360 2037 489 2063 coram
513 2023 627 2075 plura
653 2024 892 2077 propediem,
918 2030 964 2062 ut
989 2035 1110 2075 spero.
1146 2021 1228 2068 Tu,
1254 2031 1353 2071 quo-

222 2080 330 2120 niam
347 2078 626 2131 rempublioem
644 2091 793 2131 nosque
818 2091 1030 2126 conservas,
1051 2076 1111 2115 fac
1129 2083 1175 2114 ut
1191 2074 1356 2126 diligen-

226 2134 372 2179 tissime
389 2141 427 2173 te
444 2133 589 2186 ipsum,
603 2133 662 2184 mi
678 2133 901 2185 Dolabella,
922 2130 1153 2174 custodias.”
