1467 2401
341 75 427 115 AD
455 75 748 115 ATTICUM.
779 75 881 114 Lm.
911 75 991 114 XI.
1023 76 1061 113 6.
1222 76 1280 126 752

143 183 374 232 molestiam,
405 184 591 223 conficere
622 185 752 237 plures
785 186 914 223 literas
945 197 1022 222 non
1055 185 1188 236 potui:
1231 184 1278 221 iis

143 244 296 275 tantum
316 239 503 290 roecripsi,
517 253 539 278 a.
558 239 700 291 quibus
720 253 952 291 acceperam.
985 240 1066 286 Tu,
1088 239 1219 283 velim,
1241 247 1278 276 et

143 291 291 340 Basilo,
312 301 351 331 et
368 294 510 346 quibus
529 302 712 345 praeterea
730 294 937 342 videbitur,
962 294 1079 332 etiam
1099 293 1276 338 Servilio,

142 346 370 397 conscribas,
402 357 447 387 ut
476 348 547 387 tibi
578 348 784 394 videbitur,
823 361 912 386 meo
941 347 1110 386 nomine.
1159 346 1278 394 Quod

142 406 250 438 tanto
268 400 393 440 interr
394 403 470 440 allo
489 403 587 441 nihil
606 403 765 441 omnino
785 403 834 441 ad
854 416 946 448 vos,
976 402 1146 455 profecto
1165 401 1280 439 intel-

142 453 230 505 ligis
251 468 335 495 rem
356 457 455 496 mihi
474 457 616 505 deesse,
637 458 684 496 de
703 471 783 510 qua
803 457 984 506 scribam,
1005 469 1084 495 non
1103 455 1281 495 volunta-

143 515 238 547 tem.

198 563 318 612 Quod
337 565 385 604 de
403 566 564 605 Vatinio
590 566 761 619 quaeris:
793 580 919 618 neque
941 566 1047 611 1115115
1067 578 1194 627 neque
1212 578 1282 603 cu-

138 617 327 670 jusquam
346 621 444 659 mihi
471 629 656 673 praeterea
675 621 845 659 officium
866 621 1025 668 deesset
1056 620 1087 658 si
1116 619 1281 671 reperire

140 682 309 724 possent,
329 688 407 726 (1113
425 675 466 714 111
486 689 526 714 15
541 689 605 714 1115
620 677 813 726 juvarent.
846 675 1022 723 Quintus
1041 689 1087 713 av
1090 674 1280 713 51515511110

141 740 167 766 3
184 740 248 766 1115
266 729 396 769 31111110
417 730 544 768 Patris
563 730 650 768 fuit.
680 730 833 768 Eodem
853 730 1022 782 Corcyra
1037 729 1141 768 filius
1160 728 1279 768 venit.

144 781 243 822 Inde
262 784 451 837 profectos
470 797 534 824 eos
553 798 635 824 una
652 798 744 824 cum
764 784 910 824 caeteris
922 784 1098 824 arbitror.

375 947 468 1002 (6.)
499 947 716 989 CICERO
744 946 973 989 ATTICO
1002 948 1044 988 S.

199 1056 419 1097 Sollicitum
450 1070 530 1096 esse
555 1064 593 1100 te
623 1070 713 1096 cum
743 1056 791 1096 de
821 1057 898 1096 tuis
929 1057 1281 1110 communibusque

144 1113 322 1161 fortunis,
344 1120 431 1151 tum
449 1112 621 1151 maxime
639 1112 687 1150 de
705 1124 782 1161 me,
803 1125 847 1151 ac
866 1112 915 1150 de
930 1112 1059 1151 dolore
1079 1125 1180 1159 meo,
1197 1125 1284 1150 sen-

145 1167 200 1206 tio
216 1180 227 1205 :
259 1167 328 1219 (1111
346 1167 506 1219 quidem
525 1167 633 1205 dolor
651 1179 763 1205 meus
783 1180 861 1205 non
891 1166 1007 1205 modo
1027 1179 1106 1205 non
1134 1166 1281 1205 minui·

145 1229 223 1269 tur,
257 1234 348 1261 cum
378 1221 524 1260 socium
553 1221 626 1260 sibi
654 1221 832 1273 adjungit
859 1221 1031 1260 dolorem
1060 1229 1190 1269 tuum,
1215 1221 1283 1259 sed

145 1277 263 1315 etiam
291 1283 466 1328 augetur.
501 1276 692 1323 Omnino,
717 1289 788 1327 pro
813 1276 883 1314 tua
909 1274 1129 1327 prudentia,
1151 1275 1282 1323 sentis,

146 1331 227 1383 qu‘a
238 1331 494 1370 consolatione
504 1330 623 1369 levari
641 1330 814 1369 maxime
825 1330 983 1382 possim.
1016 1330 1163 1369 Probas
1179 1331 1283 1369 eninr

145 1398 279 1424 meum
292 1385 495 1425 consilium
510 1399 522 1431 ς
545 1398 739 1438 negasque
754 1385 852 1423 mihi
867 1385 1085 1437 quidquam
1097 1385 1166 1423 tali
1185 1394 1285 1424 tem-

146 1453 238 1492 pore
255 1441 384 1493 potius
408 1439 629 1478 faciendum
653 1439 782 1479 fuisse.
820 1439 950 1478 Addis
978 1439 1110 1486 etiam,
1143 1440 1283 1491 (quod,

147 1495 217 1534 etsi
236 1495 334 1533 mihi
351 1495 474 1534 levius
494 1502 549 1533 est
564 1507 685 1547 quam
699 1502 813 1532 tuum
829 1494 1038 1548 judicium,
1056 1502 1185 1532 tamen
1205 1506 1281 1532 non

146 1558 204 1588 est
231 1550 331 1597 leve)
355 1549 498 1588 caeteris
524 1562 681 1601 quoque
710 1549 770 1601 (id
791 1559 861 1594 est,
890 1549 959 1601 qui
983 1548 1138 1600 pondus
1163 1549 1292 1587 habe--

145 1613 230 1652 ant)
250 1604 398 1643 factum
416 1612 591 1643 nostrum
611 1604 778 1656 probari.
821 1603 869 1642 Id
889 1605 920 1642 si
940 1604 995 1642 ita
1013 1611 1207 1655 putarem,
1228 1603 1291 1641 le·-

147 1658 233 1697 vius
251 1658 434 1697 dolerem.
464 1658 603 1706 Crede,
619 1658 764 1711 inquis,
785 1658 896 1696 mihi.
927 1658 1052 1697 Credo
1071 1658 1253 1710 equidem
1267 1673 1278 1695 ε

147 1713 214 1752 sed
233 1713 323 1759 scio,
349 1726 469 1765 quam
488 1713 619 1765 cupias
638 1712 766 1750 minui
785 1712 955 1751 dolorem
972 1725 1118 1751 meum.

202 1769 275 1807 Me
293 1767 504 1806 discessisse
516 1769 564 1806 ab
578 1768 710 1815 armis,
727 1779 932 1819 nunquam
951 1767 1130 1819 poenituit
1145 1782 1154 1806 ε
1178 1774 1287 1805 tanta.

148 1830 230 1861 erat
248 1823 289 1860 in
318 1822 394 1860 illis
421 1822 640 1870 crudelitas,
662 1830 770 1860 tanta
794 1835 885 1860 eum
908 1822 1080 1861 barbaris
1104 1822 1285 1872 gentibus

147 1877 380 1928 conjunctio,
401 1884 446 1914 ut
469 1889 546 1914 non
577 1877 823 1925 nominatim,
844 1876 910 1915 sed
937 1876 1165 1927 generatim,
1195 1889 1287 1928 pro-

149 1931 303 1984 scriptio
318 1939 417 1970 esset
429 1931 634 1970 informata
647 1945 659 1976 ;
691 1938 735 1969 ut
746 1932 830 1981 jam
841 1932 1018 1969 omnium
1034 1930 1180 1981 judicio
1195 1943 1287 1970 con-

150 1986 331 2026 stitutum
350 1993 463 2035 ffiset,
488 1987 667 2024 omnium
685 1989 857 2024 vestrum
879 1987 981 2025 bona
1008 1985 1182 2037 praedam
1207 1998 1286 2024 esse

149 2040 255 2079 imus
273 2041 464 2087 victoriae3
486 2042 670 2088 vestrum,
684 2041 799 2092 plane
817 2040 926 2078 dieo:
958 2052 1163 2092 nunquam
1181 2040 1289 2079 enim.

149 2095 199 2133 de
217 2103 255 2134 te
278 2095 377 2147 ipso,
403 2095 477 2133 nisi
505 2095 780 2143 crudelissime,
809 2094 1020 2146 cogitatum
1046 2102 1114 2133 est.
1151 2093 1287 2142 Quare

149 2150 358 2189 voluntatis
373 2163 440 2188 me
456 2162 554 2188 meae
567 2162 771 2201 nunquam
786 2149 1009 2200 poenitebit:
1040 2148 1188 2187 consilii
1207 2162 1287 2200 poe-

149 2204 258 2243 nitet.
300 2205 349 2244 In
383 2204 527 2257 oppido
563 2204 695 2256 aliquo
728 2204 889 2244 mallem
925 2202 1121 2254 resedisse,
1158 2203 1287 2255 quoad
