1477 2365
238 94 290 132 40
453 93 539 133 AD
569 92 851 132 ATTICUM.
882 93 985 133 Lm.
1018 94 1072 133 X.
1106 95 1140 132 l.

473 200 561 255 (1.)
592 201 804 241 CICERO
832 200 1058 242 ATTICO
1087 202 1127 241 S.

289 310 423 349 Tertio
447 310 583 349 Nonas
609 323 699 350 cum
716 310 757 348 in
782 310 982 348 Laterium
1005 309 1132 348 fratris
1157 307 1359 356 venissem,

235 365 363 416 accepi
380 365 522 414 literas,
544 373 582 403 et
599 366 805 416 paululum
825 364 1008 415 respiravi
1023 378 1033 402 :
1064 363 1169 415 quod
1186 369 1274 414 post
1290 363 1361 401 has

232 419 363 457 ruinas
382 419 480 457 mihi
498 431 576 457 non
594 419 792 457 acciderat.
823 419 899 456 Per
917 417 1020 456 enim
1043 418 1177 469 magni
1196 417 1358 464 aestimo,

234 473 305 511 tibi
335 473 613 511 firmitudinem
646 473 766 511 animi
795 473 913 510 nostri
943 479 980 510 et
1009 471 1157 510 factum
1185 478 1361 509 nostrum

231 528 396 578 probari.
425 529 542 566 Sexto
565 527 667 565 enim
687 535 815 565 nostro
844 525 949 578 quod
969 525 1099 564 scribis
1118 524 1286 577 probari,
1306 524 1361 562 ita

232 582 354 630 laetor,
375 589 420 619 ut
438 594 502 619 me
521 595 616 632 quas
618 581 631 618 i
649 581 767 632 patris
787 582 884 630 ejus,
903 580 965 618 0111
984 593 1133 631 semper
1151 579 1220 617 uni
1238 578 1361 630 pluri-

232 647 344 673 mum
375 635 506 683 tribui,
530 635 676 685 judicio
702 634 941 686 comprobari
969 642 1131 686 putem:
1163 633 1232 685 qui
1260 632 1360 670 mihi

235 690 357 740 (quod
385 703 483 741 saepe
514 690 616 728 soleo
643 689 845 735 recordari)
870 688 969 726 dixit
992 689 1100 736 olim,
1127 687 1254 726 Nonis
1283 686 1362 724 illis

233 743 530 792 Decembribus,
552 756 641 782 cum
663 756 746 794 ego,
769 744 897 791 Sexte,
919 743 1106 794 quidnam
1125 754 1214 793 ergo
1231 743 1249 780 Ρ

234 838 296 874 Mn
311 847 381 880 ,aava
397 832 542 885 (inquit
556 831 641 882 ifle)
660 831 828 868 ασπουδει
843 847 882 876 γε
902 847 961 868 και
976 838 1130 874 ακλειως
1148 838 1360 880 απολσιμην,

233 892 346 922 Ana
365 902 461 935 μεγα
482 888 591 937 ῥεξας
611 902 662 933 τι,
686 901 743 922 και
767 899 995 933 εσσομενοισι
1015 888 1211 922 πυὲεσὲαι.

234 959 335 1008 Ejus
355 960 473 1012 igitur
491 960 589 998 mihi
609 960 702 998 vivit
720 959 924 998 auctoritas
941 973 952 1005 3
984 966 1021 998 et
1040 959 1260 998 simillimus
1279 959 1362 1008 ejus

233 1014 336 1052 filjus
367 1014 500 1052 eodem
533 1022 590 1052 est
623 1014 728 1066 apud
756 1026 819 1051 me
847 1013 1029 1064 pondere,
1061 1026 1139 1065 quo
1165 1014 1241 1052 fuit
1265 1013 1359 1052 ine:

232 1081 348 1120 quem
369 1069 526 1116 salvere,
548 1068 678 1115 velim,
696 1069 833 1117 jubeas
851 1068 1079 1118 plurimum.

290 1122 357 1160 Tu
378 1130 490 1160 tuum
510 1123 712 1161 consilium
739 1122 808 1160 etsi
826 1134 905 1160 non
926 1121 967 1158 in
985 1122 1244 1173 longinquum
1264 1129 1364 1160 tem-

233 1190 306 1227 pus
337 1176 479 1225 differs,
511 1178 610 1226 (jam
636 1176 739 1214 enim
768 1176 881 1213 illum
908 1183 1056 1213 emtum
1081 1175 1362 1227 pacificatorem

230 1231 426 1281 perorasse
445 1239 554 1282 puto,
583 1231 667 1280 jam
687 1237 817 1268 actum
847 1229 995 1281 aliquid
1020 1243 1099 1268 esse
1117 1230 1157 1268 in
1183 1242 1360 1268 consessu

233 1292 452 1322 senatorum
469 1299 480 1330 3
512 1292 688 1323 senatum
708 1284 812 1322 enim
830 1295 908 1321 non
927 1291 1039 1335 puto)
1052 1292 1182 1322 tamen
1201 1296 1361 1335 suspen-

233 1351 320 1376 sum
354 1352 417 1376 me
450 1347 581 1384 tenes,
571 1353 580 1362 ·
613 1338 679 1377 sed
709 1351 753 1377 eo
785 1337 927 1380 minus,
965 1337 1070 1399 quod
1099 1350 1178 1376 non
1208 1338 1359 1386 dubito,

232 1392 329 1443 quid
347 1393 457 1430 nobis
477 1393 671 1444 agendum
690 1399 815 1444 puteS.
845 1391 954 1439 Quid
972 1392 1076 1430 enim
1091 1392 1227 1430 Flavio
1241 1392 1361 1443 legio-

231 1459 322 1484 nem
350 1455 386 1484 et
412 1447 584 1486 Siciliam
612 1446 694 1485 dari
720 1446 873 1493 scribas,
901 1453 937 1484 et
961 1446 1035 1483 id·
1021 1459 1109 1507 Jam
1123 1446 1241 1485 fieri?
1271 1459 1359 1498 quae

232 1508 276 1538 tu
297 1501 435 1539 scelera
452 1501 596 1552 partim
625 1500 765 1553 parari,
786 1507 823 1539 et
848 1500 932 1550 jam
951 1500 1127 1552 cogitari,
1147 1500 1290 1552 partim
1309 1513 1358 1539 ex

232 1562 403 1605 tempore
421 1555 565 1604 futura,
586 1557 748 1594 censes?

285 1608 374 1659 Ego
403 1622 492 1648 vero
525 1610 689 1658 Solonis,
732 1608 929 1661 popularis
961 1609 1034 1657 tui,
1069 1616 1107 1647 et
1144 1611 1206 1653 (ut
1241 1607 1356 1661 puto)

233 1662 351 1701 etiam
376 1663 467 1710 mei,
498 1664 624 1714 legem
658 1676 734 1714 neg
751 1664 868 1710 bam,
903 1663 972 1715 qui
1001 1663 1125 1715 capite
1155 1663 1295 1710 sanxit,
1327 1663 1360 1702 si

234 1717 302 1767 qui
316 1717 358 1754 in
371 1717 553 1756 seditione
566 1731 642 1756 non
657 1718 812 1756 alten'us
825 1717 949 1755 utrius
964 1718 1083 1769 partis
1098 1717 1258 1763 fuisset3
1287 1717 1362 1755 nisi

232 1780 276 1808 tu
296 1771 405 1808 aliter
425 1784 552 1809 censes
569 1786 580 1817 3
612 1780 648 1810 et
666 1771 757 1810 hinc
776 1774 904 1819 abero,
932 1780 969 1810 et
987 1771 1070 1809 filii.
1100 1771 1176 1810 Sed
1194 1771 1359 1810 alterum

230 1824 329 1862 mihi
349 1832 404 1863 est
423 1826 584 1864 certiusz
615 1839 684 1864 nec
702 1825 922 1877 praeripiam
942 1832 1070 1863 tamen
1086 1839 1098 1871 3
1129 1827 1357 1877 exspectabo

231 1886 346 1916 tuum
365 1879 581 1927 consilium,
604 1887 641 1918 et
660 1893 721 1918 eas
739 1880 882 1927 literas,
903 1879 977 1917 nisi
995 1880 1088 1918 alias
1103 1880 1187 1930 jam
1205 1879 1358 1928 dedisti,

231 1946 342 1984 quas,
363 1933 507 1984 scripsi,
531 1941 572 1971 ut
594 1932 822 1986 Cephalioni
840 1934 960 1972 dares.

287 1986 406 2035 Quod
431 1987 576 2036 scribis,
606 2001 684 2026 non
711 2001 789 2039 quo
815 1987 991 2027 alicunde
1015 1986 1196 2037 audieris,
1224 1987 1291 2026 sed
1318 1994 1356 2026 te

232 2041 363 2092 ipsum
387 2049 537 2092 putare,
568 2054 632 2080 me
650 2049 856 2080 attractum
874 2042 935 2089 iri,
956 2042 987 2080 si
1013 2041 1061 2080 de
1077 2055 1171 2093 pace
1188 2049 1352 2093 agatur,

230 2095 330 2133 1111111
348 2095 506 2133 0111111110
524 2108 602 2134 non
622 2096 726 2134 venit
751 2097 792 2134 in
811 2104 996 2144 mentem,
1013 2109 1112 2159 fluae
1122 2096 1241 2148 possit
1258 2096 1357 2134 actio

232 2162 311 2187 esse
328 2148 378 2188 de
395 2162 503 2201 pace,
523 2163 611 2188 cum
633 2150 692 2188 1111
717 2149 975 2188 certissimum
993 2150 1055 2199 sit,
1084 2150 1116 2188 si
1133 2149 1267 2202 possit,
1287 2162 1355 2188 ex-

232 2203 394 2255 spoliare
413 2203 582 2244 exercitu
603 2211 640 2242 et
661 2203 857 2256 provincia
875 2204 1109 2257 Pompeium
1126 2219 1137 2242 ε
1168 2203 1242 2243 11151
1259 2203 1357 2243 forte
