1498 2401
480 429 728 471 QUINTUS
758 428 970 477 CICERO,

236 604 327 652 DE
362 603 726 652 PETrrloNE
763 574 1235 662 CONSULATO&

327 767 410 805 AD
439 767 502 806 M.
531 767 806 807 TULLIUM
834 768 1139 807 FRATREM.

663 912 812 944 -4-

516 1040 814 1080 ARGUMEN
817 1041 960 1081 TUM.

181 1151 292 1189 CUM
307 1156 460 1202 tempus
478 1149 648 1199 instaret,
665 1163 742 1202 quo
761 1150 822 1189 M.
837 1151 994 1189 Tullius
1013 1149 1147 1191 Cicero
1164 1164 1305 1192 consu«

180 1205 303 1243 latum
325 1218 372 1243 ex
395 1205 481 1256 lege
503 1205 632 1243 annali
660 1215 784 1255 petere
809 1212 949 1257 posset,
969 1206 1119 1257 scripsit
1139 1206 1189 1244 ad
1207 1220 1299 1246 eum

181 1258 354 1307 Quintus
381 1258 497 1297 frater
526 1259 630 1297 hunc
656 1259 846 1308 libellum,
880 1272 958 1311 quo
987 1259 1120 1298 docere
1144 1260 1302 1300 fratrem

181 1313 359 1365 suscepit,
391 1313 584 1364 quomodo
614 1320 651 1351 et
687 1314 828 1365 quibus
864 1314 1009 1352 artibus
1044 1315 1300 1365 consulatum,

182 1369 293 1417 cujus
311 1367 533 1419 petitionem
552 1367 727 1419 proxime
746 1376 989 1419 suscepturus
1008 1375 1101 1415 erat,
1121 1371 1303 1422 consequi

184 1429 286 1460 certo
305 1429 442 1473 posset.
471 1421 617 1469 Quare,
638 1434 877 1474 quamquam
904 1421 953 1460 ad
973 1421 1195 1461 Ciceronem
1213 1437 1302 1475 pro-

183 1475 267 1527 prie
295 1476 460 1527 pertinet
484 1476 651 1519 libellus,
674 1483 804 1514 tamen
826 1476 1000 1514 omnium
1024 1475 1215 1515 honorum
1233 1492 1301 1530 pe-

184 1529 389 1568 tendorum
408 1530 517 1578 ratio,
538 1543 625 1581 quae
642 1530 764 1568 libera
781 1530 978 1581 republica
997 1530 1135 1568 Romae
1154 1532 1302 1572 obtine-

183 1585 264 1630 bat,
286 1597 334 1622 ex
353 1597 396 1622 eo
413 1584 575 1635 perspici
592 1591 726 1636 potest.
755 1584 855 1635 Agit
868 1591 998 1623 autem
1012 1585 1138 1635 primo
1152 1585 1199 1624 de
1216 1601 1303 1639 per.

185 1638 293 1685 sona,
325 1651 412 1690 quae
440 1638 563 1690 petit3
605 1637 741 1676 deinde
770 1638 817 1677 de
849 1651 903 1686 re,
938 1651 1026 1690 quae
1057 1638 1225 1690 petitur;
1267 1649 1305 1681 et

185 1691 342 1731 tandem
361 1692 408 1730 de
425 1693 521 1739 loco,
543 1692 611 1731 ubi
631 1691 797 1744 petitur:
827 1692 868 1730 in
888 1693 1029 1744 quibus
1048 1693 1210 1744 singulis
1227 1695 1307 1735 fere

186 1745 270 1785 haec
302 1746 379 1784 duo
412 1754 628 1798 spectantur
644 1760 656 1792 ς
700 1746 990 1798 impedimenta,
1023 1760 1110 1799 quae
1141 1750 1306 1800 obstent,

189 1807 226 1838 et
244 1813 326 1839 rem
344 1800 538 1839 difficilem
557 1800 742 1846 reddant;
764 1800 915 1849 deinde,
935 1814 1023 1852 quae
1042 1801 1223 1849 subsidia,
1240 1804 1308 1842 ad-

189 1867 319 1893 versus
338 1868 383 1893 ea
399 1855 687 1906 impedimenta,
702 1855 777 1893 sint
788 1855 1058 1907 comparanda,
1078 1864 1124 1894 ut
1140 1856 1306 1907 facilius,

188 1921 267 1960 quo
284 1909 432 1959 tendas,
452 1922 496 1948 eo
513 1909 722 1961 pervenias.

247 2016 282 2055 Ι.
311 2016 400 2055 Etsi
429 2018 500 2057 tibi
529 2019 659 2057 omnia
684 2025 907 2070 suppetunt,
931 2031 1019 2069 quae
1045 2020 1225 2070 consequi
1251 2020 1314 2060 in-

192 2071 304 2122 genio
323 2079 390 2110 aut
408 2085 481 2111 usu
499 2073 690 2122 homines,
719 2080 787 2110 aut
804 2071 1018 2123 diligenti&⁹
1038 2081 1197 2124 possunt
1213 2088 1224 2120 ;
1255 2082 1313 2114 ta-

193 2137 285 2163 men
304 2138 432 2165 amore
451 2137 579 2166 nostro
603 2139 681 2166 non
706 2139 793 2166 sum
819 2127 1025 2165 arbitratus
1049 2126 1233 2177 alienum,
1265 2129 1315 2168 ad

191 2187 230 2217 te
257 2179 487 2232 perscribere
508 2194 567 2233 ea,
594 2195 682 2235 quae
703 2180 805 2221 mihi
832 2180 1033 2220 veniebant
1058 2180 1099 2219 in
1130 2190 1316 2231 mentem,
