1513 2370
201 69 279 107 120
389 67 469 105 AD
496 64 779 106 ATTICUM.
806 64 908 104 L113.
928 63 1032 103 XII.
1060 65 1128 103 28.

196 175 360 216 contrita
376 183 491 215 sunt:
520 182 651 215 tamen
676 174 801 214 facere
824 186 902 212 non
920 185 1093 225 possum,
1111 172 1208 225 quin
1225 183 1322 223 quo-

198 230 293 269 tidie
310 230 361 269 ad
377 238 415 269 te
433 231 600 278 mittam,
620 237 666 268 ut
682 237 768 268 tuas
782 228 980 280 accipiam.

254 285 318 324 De
336 285 462 324 Bruto
479 292 624 332 tamen,
645 284 677 323 si
695 283 791 335 quid
807 282 991 322 habebis:
1013 281 1107 320 scire
1123 279 1228 319 enim
1238 280 1322 330 jam

198 348 309 392 puto,
335 339 404 378 ubi
423 340 592 378 Pansam
609 345 812 390 exspectet„
850 337 892 376 Si
917 338 980 389 (ut
998 333 1231 374 consuetudo
1249 340 1323 382 est)

198 395 241 432 in
260 394 388 445 prima
419 393 628 445 provincia,
655 393 800 432 circiter
831 392 916 431 Cal.
945 390 1136 429 affuturus
1160 388 1324 428 videtur.

201 448 356 487 Vellem
376 448 544 486 tardius:
575 447 685 486 valde
704 447 807 485 enim
823 446 972 484 Urbem
989 444 1099 495 fugio
1117 443 1261 482 multas
1273 444 1324 482 ob

201 515 346 542 causas.
376 502 515 554 Itaque
527 501 568 539 id
585 502 713 553 ipsum
729 500 877 547 dubito,
894 513 943 538 an
957 498 1240 538 excusationem
1254 496 1326 536 ali-

201 570 323 609 quam
355 556 404 595 ad
435 557 547 595 illum
577 568 736 608 parem3
766 555 872 608 quod
897 553 1057 606 quidem
1084 552 1195 592 video
1214 551 1327 591 facile

201 624 295 650 esse.
339 611 415 650 Sed
443 611 631 650 habemus
660 609 750 649 satis
779 608 962 662 temporis
987 607 1037 646 ad
1065 606 1324 660 cogitandum.

204 665 331 715 Piliae,
352 665 502 715 Attieae,
523 665 699 704 salutem.

422 863 536 915 (28.)
568 863 781 904 CICERO
808 861 1035 903 ATTICO
1063 863 1104 903 s.

258 997 322 1036 De
346 997 442 1037 Silio
471 997 592 1035 nihilo
625 996 740 1048 plura
764 994 925 1046 cognovi
948 1007 997 1034 ex
1021 1001 1207 1047 praesente
1224 994 1326 1040 Sica,

204 1065 324 1104 quam
344 1065 392 1090 ex
410 1051 528 1089 literis
552 1052 657 1100 ejus:
689 1050 887 1102 scripserat
909 1050 1013 1088 enim
1040 1049 1258 1101 diligenter.
1286 1050 1329 1090 Si

205 1106 323 1158 igitur
351 1114 394 1144 tu
417 1106 530 1143 inum
559 1105 792 1152 conveneris,
828 1104 965 1142 scribes
995 1103 1045 1142 ad
1073 1117 1151 1152 me,
1171 1104 1205 1142 si
1234 1103 1331 1156 quid

205 1160 409 1199 videbitur.
439 1159 502 1198 De
521 1173 598 1211 quo
612 1167 726 1212 putas
740 1159 789 1197 ad
803 1171 866 1197 me
877 1158 1041 1197 missum
1055 1171 1149 1206 esse,
1170 1158 1219 1197 sit
1236 1158 1331 1197 mis-

205 1227 308 1264 sum,
329 1227 461 1261 necne,
482 1214 630 1253 nescio:
661 1213 808 1252 dictum
823 1212 981 1265 quidem
999 1212 1098 1251 mihi
1116 1220 1215 1252 certe
1233 1212 1329 1251 nihil

204 1277 274 1308 est.
316 1269 383 1307 Tu
409 1268 540 1320 igitur,
564 1276 608 1306 ut
627 1268 794 1319 coepisti:
826 1275 878 1314 et,
898 1268 932 1305 si
950 1266 1046 1318 quid
1062 1267 1117 1305 ita
1141 1266 1330 1316 conficies,

206 1323 329 1376 (quod
344 1323 523 1375 equidem
541 1335 619 1361 non
638 1323 800 1361 arbitror
817 1321 900 1360 fieri
918 1320 1045 1373 posse)
1065 1320 1177 1359 utilli
1195 1322 1331 1373 probe-

206 1385 283 1425 tur,
316 1377 553 1424 Ciceronem,
591 1376 624 1415 si
654 1376 726 1415 tibi
754 1375 933 1428 placebit,
971 1375 1183 1414 adhibebis.
1229 1375 1332 1426 Ejus

207 1431 356 1483 aliquid
386 1432 555 1478 interest,
595 1430 715 1469 videri
750 1430 856 1469 illius
883 1430 999 1469 causa
1025 1430 1208 1469 voluisse:
1242 1430 1332 1469 mea

206 1486 365 1538 quidem
380 1485 493 1534 nihil,
514 1485 587 1523 nisi
604 1485 659 1534 id,
679 1484 785 1537 quod
802 1492 846 1523 tu
862 1484 956 1523 scis:
987 1484 1092 1536 quod
1111 1497 1181 1536 ego
1198 1484 1333 1536 magni

204 1548 368 1579 aestlmo.

260 1594 380 1642 Quod
404 1607 468 1632 me
493 1593 543 1632 ad
561 1593 875 1633 consuetudinem
901 1606 1076 1639 revooes3
1106 1592 1181 1632 fuit
1198 1605 1333 1632 meum

208 1649 367 1701 quidem
388 1649 471 1698 jam
491 1647 641 1701 pridem
666 1648 946 1700 rempublicam
964 1648 1122 1700 lugereg
1150 1647 1256 1700 quod
1273 1647 1332 1687 fa-

208 1703 370 1751 ciebam,
402 1703 467 1740 sed
497 1702 656 1741 mitius:
688 1710 768 1741 erat
796 1702 914 1751 enim,
941 1702 1010 1742 ubi
1040 1702 1330 1754 acquiescerem.

206 1757 327 1797 Nunc
345 1757 458 1809 plane
476 1770 546 1795 nec
574 1770 644 1808 ego
663 1756 809 1796 victum
833 1769 903 1795 nec
935 1756 1054 1795 vitam
1077 1757 1186 1795 illam
1212 1757 1334 1796 colere

380 1827 390 1849 ε
412 1823 495 1858 nec,
515 1811 556 1849 in
575 1812 620 1850 ea
637 1824 692 1859 re,
712 1811 808 1863 quid
827 1811 911 1850 aliis
928 1811 1225 1859 videatur,mihi
1238 1818 1334 1864 puto

208 1865 435 1905 curandum.
476 1865 572 1904 Mea
598 1865 696 1904 mihi
714 1865 941 1904 conscientia
967 1866 1089 1918 pluris
1119 1872 1189 1913 est,
1212 1878 1333 1918 quam

208 1919 387 1960 omnium
405 1932 541 1958 sermo.
571 1919 689 1968 Quod
707 1932 770 1958 me
788 1920 870 1972 ipse
888 1932 956 1972 per
974 1920 1102 1959 literas
1119 1920 1334 1959 consolatus

207 1987 323 2020 sum;
352 1986 430 2012 non
448 1973 606 2026 poenitet
623 1987 700 2021 me,
714 1982 905 2026 quantum
922 1974 1159 2026 profecerim.
1187 1973 1335 2013 Μαιο-

210 2028 461 2123 ἷέᾜωὶωιὶε
490 2027 660 2068 dolorem
685 2041 755 2068 nec
771 2029 896 2081 potui,
914 2041 999 2078 nec,
1019 2028 1051 2068 si
1067 2041 1235 2082 possem,
1254 2028 1335 2068 vel-

263 2137 327 2177 De
341 2136 507 2188 Triario,
524 2138 623 2179 bene
639 2137 896 2191 interpretaris
913 2138 1152 2180 voluntatem
1176 2149 1306 2179 meam
1318 2152 1331 2176 ι
