1467 2401
277 51 368 95 ,AD
396 51 687 92 ATTICUM.
719 51 820 90 Lm.
840 49 920 89 XI.
953 51 1014 89 15.
1162 48 1213 93 87

81 160 221 210 ,velim,
240 166 280 199 et
297 161 346 200 ad
363 174 441 209 me,
457 160 552 213 quid
571 160 641 199 tibi
652 159 928 212 responderint,
945 158 1084 197 scribas
1103 170 1114 203 3
1136 168 1214 194 non

88 214 194 266 quod
213 216 261 253 ab
279 214 352 254 isto
370 216 472 253 salus
490 215 581 253 data
597 214 813 266 quidquam
830 213 1010 251 habitura
1028 212 1076 250 sit
1094 211 1216 249 firmi-

88 268 263 314 tudinis;
293 269 359 308 sed
379 277 512 308 tamen
538 268 687 320 aliquid
716 267 864 307 consuli
893 274 930 305 et
955 265 1120 318 prospici
1145 278 1215 316 po-

87 322 188 361 terit.
230 322 318 362 Etsi
344 323 522 362 omnium
547 330 794 375 conspectum
823 321 972 366 horreo,
1004 319 1215 371 praesertim

90 376 164 415 hoc
190 390 356 428 genero;
386 389 531 426 tamen,
559 377 601 415 in
627 377 744 415 tantis
771 375 885 414 malis
908 375 1002 426 quid
1025 374 1132 412 aliud
1150 386 1215 411 ve-

88 430 177 478 lim,
196 444 274 469 non
293 431 452 484 reperio.

143 485 317 533 Quintus
349 486 488 538 pergit,
520 492 564 524 ut
595 485 645 524 ad
673 499 738 524 me
767 492 804 523 et
832 485 962 522 Pansa
991 481 1154 533 scripsit,
1182 487 1220 519 et

84 538 271 579 Hirtius:
302 541 411 592 isque
430 540 523 578 item
541 540 719 578 Africam
737 547 864 591 petere
890 551 979 576 cum
1001 536 1142 575 caeteris
1161 535 1221 572 di-

88 593 202 632 citur.
231 594 301 632 Ad
319 595 544 632 Minucium
563 595 781 632 Tarentum
806 592 984 640 scribam,
1007 598 1044 629 et
1069 598 1154 628 tuas
1172 590 1220 626 li-

87 654 187 686 teras
203 648 371 687 mittam.
406 649 475 687 Ad
494 656 531 687 te
546 648 723 695 scribam,
751 646 946 699 numquid
973 644 1102 696 egerit.
1146 644 1218 682 HS

88 702 217 751 XXX
247 703 416 754 potuisse
445 703 619 751 mirarer,
658 702 731 740 nisi
764 702 889 740 multa
919 701 966 738 de
1004 698 1222 737 Fufidianis

90 756 244 808 praediis
259 771 269 795 ε
300 765 338 795 et
356 757 396 795 id
414 757 524 796 video
543 764 685 795 tamen.
718 757 779 794 Te
793 761 969 807 exspecto
984 768 995 800 3
1027 766 1145 805 quem
1163 752 1222 790 vi-

87 810 194 860 dere,
215 811 247 849 si
271 812 353 850 ullo
377 812 493 850 modo
513 818 651 863 potest,
685 810 826 863 (poscit
852 809 953 848 enim
978 816 1053 855 res)
1073 806 1223 858 pervel-

90 865 182 903 lem.
221 865 251 903 J
253 879 317 903 am
347 873 563 905 extremum
593 864 845 904 concluditur.
889 862 984 902 Tibi
1016 861 1128 901 facile
1150 868 1222 911 est,

95 917 225 972 [quid,
246 920 361 972 quale
379 920 428 959 sit
445 920 637 972 gravius,]
659 919 890 958 existimare.
920 917 1034 958 Vale.

313 1083 431 1132 (15.)
468 1080 684 1121 CICERO
712 1078 938 1121 ATTICO
967 1080 1010 1119 s.

149 1189 349 1240 Quoniam
378 1191 503 1240 justas
529 1204 662 1229 causas
691 1190 816 1239 affers,
846 1188 953 1242 quod
972 1195 1010 1227 te
1038 1187 1112 1227 hoc
1131 1193 1231 1226 tem-

96 1259 192 1298 pore
209 1246 337 1285 videre
365 1258 444 1283 non
469 1245 639 1296 possim3
671 1258 815 1297 quaeso,
837 1243 933 1295 quid
953 1243 1002 1281 sit
1021 1242 1119 1280 mihi
1137 1241 1232 1279 faci-

95 1300 255 1339 endum.
286 1299 360 1337 Ille
372 1300 477 1338 enim
495 1299 550 1337 ita
564 1299 714 1338 videtur
728 1297 1012 1336 Alexandriam
1028 1304 1170 1343 tenere,
1186 1302 1232 1333 ut

95 1367 187 1394 eum
213 1354 373 1393 scribere
392 1353 507 1393 etiam
527 1353 671 1405 pudeat
690 1353 737 1391 de
756 1352 832 1391 illis
850 1353 977 1390 rebus.
1025 1351 1084 1389 Hi
1103 1356 1234 1388 autem

99 1422 148 1447 ex
173 1408 308 1447 Africa
329 1409 411 1458 jam
446 1408 605 1447 affuturi
629 1408 840 1451 videntum
871 1406 1022 1454 Achaei,
1056 1405 1150 1442 item
1185 1416 1234 1442 ex

100 1463 198 1503 Asia
222 1463 382 1501 redituri
407 1463 457 1500 ad
476 1476 553 1511 eos,
575 1471 642 1501 aut
659 1462 780 1500 libero
800 1461 931 1512 aliquo
949 1461 1033 1498 loco
1062 1471 1235 1497 commo-

98 1518 233 1556 raturi.
276 1517 385 1565 Quid
416 1517 514 1555 mihi
545 1516 664 1568 igitur
689 1524 804 1568 putas
835 1515 1030 1566 agendum
1047 1516 1064 1552 ,⁹
1108 1512 1235 1552 Video

93 1572 254 1614 ,difficile
272 1584 352 1610 esse
364 1572 579 1610 consilium.
606 1572 703 1610 Sum
724 1571 828 1609 enim
848 1570 965 1617 solus,
983 1575 1051 1606 aut
1070 1580 1160 1606 cum
1180 1567 1238 1604 al-

100 1634 197 1674 tero,
213 1626 276 1664 cui
294 1639 420 1677 neque
439 1626 488 1664 ad
501 1626 587 1664 illos
606 1625 750 1663 reditus
771 1625 834 1671 sit,
855 1636 982 1675 neque
996 1624 1044 1660 ab
1063 1622 1124 1660 his
1143 1620 1236 1673 ipsis

101 1680 318 1732 quidquam
344 1680 394 1718 ad
414 1694 522 1731 spem
541 1680 774 1718 ostendatur.
815 1678 891 1718 Sed
910 1685 1039 1715 tamen
1060 1676 1153 1714 scire
1172 1689 1238 1713 ve-

101 1735 186 1783 lim,
221 1733 316 1786 quid
344 1747 520 1772 censeas:
551 1734 668 1785 idque
696 1741 775 1772 erat
801 1746 892 1771 cum
917 1732 1016 1781 aliis,
1040 1743 1108 1770 cur
1133 1738 1184 1778 te,
1207 1729 1240 1768 si

100 1789 183 1828 fieri
201 1795 343 1841 posset,
363 1801 544 1840 cuperem
564 1788 705 1826 videre.

153 1842 380 1882 Minucium
399 1843 489 1881 XII
517 1843 597 1881 sola
621 1841 789 1890 curasse,
811 1840 944 1892 scripsi
965 1839 1015 1878 ad
1034 1847 1072 1877 te
1092 1845 1205 1877 antea
1222 1853 1233 1876 z

100 1897 207 1950 quod
222 1904 406 1949 superest,
422 1897 539 1935 velim
551 1897 694 1944 videas,
707 1904 752 1934 ut
771 1904 936 1934 curetur.
970 1894 1144 1942 Quintus
1159 1905 1238 1931 non

104 1951 222 1991 modo
236 1964 314 1990 non
334 1964 424 1990 cum
444 1949 586 2003 magna
603 1964 714 2003 prece
733 1950 782 1988 ad
796 1963 874 1997 me,
895 1949 963 1988 sed
980 1947 1238 1995 acerbissime,

108 2006 283 2057 scripsit:
313 2005 416 2044 filius
435 2019 524 2044 vero
541 2006 703 2044 mirifico
722 2004 822 2043 odio.
859 2003 975 2042 Nihil
1003 2002 1099 2053 fingi
1115 2008 1240 2053 potest

109 2061 219 2109 mali,
240 2073 318 2113 quo
335 2073 412 2098 non
431 2074 582 2112 urgear.
623 2059 771 2098 Omnia
796 2067 928 2097 tamen
948 2064 1037 2096 sunt
1055 2055 1240 2101 faciliora,

112 2127 233 2167 quam
250 2115 395 2167 peccati
412 2114 534 2161 dolor,
551 2114 619 2166 qui
638 2122 675 2152 et
693 2113 889 2152 maximus
908 2119 979 2160 est,
1000 2119 1038 2150 et
1056 2117 1218 2149 aeternus
1231 2124 1243 2146 z

111 2169 227 2221 §ujus
243 2169 387 2222 peccati
405 2169 437 2208 si
456 2168 576 2208 socios
593 2180 714 2208 essem
731 2168 935 2207 habiturus
950 2178 1035 2218 ego,
1055 2177 1152 2218 quos
1171 2177 1244 2216 pu-
