1498 2401
257 112 341 152 AD
369 113 421 161 Q.
453 112 753 156 FRATREM.
783 111 885 150 Lm.
908 112 942 151 I.
970 113 1010 152 3.
1111 112 1189 152 291

72 220 167 260 flens
185 220 357 268 flentem,
376 228 670 272 prosequentem
687 221 942 273 proficiscens,
969 220 1194 266 dimiseram

72 287 122 313 ne
154 274 358 325 vestigium
393 275 553 326 quidem
591 276 688 325 ejus,
720 288 791 315 nec
823 276 1098 322 simulacrum3
1127 274 1195 313 sed

73 328 283 380 quamdam
302 328 468 380 effigiem
487 328 665 381 spirantis
681 330 837 368 mortui.

126 382 263 434 Atque
288 383 438 421 utinam
468 396 532 421 me
561 391 759 421 mortuum
790 383 898 435 prius
928 382 1098 432 vidisses,
1127 389 1196 421 aut

74 436 244 475 audisses
260 436 270 474 2
302 436 453 475 utinam
472 444 510 475 te
527 449 606 475 non
625 438 751 476 solum
766 438 867 485 vitae,
890 437 955 476 sed
973 438 1089 476 etiam
1107 437 1194 488 dig-

72 490 202 528 nitatis
215 502 325 539 meae,
342 492 584 542 superstitem
602 491 841 543 reliquissem
857 491 867 529 2
890 491 966 530 Sed
977 499 1093 530 testor
1111 504 1195 530 om·
1259 513 1263 516 ·

72 556 139 583 nes
157 544 278 593 Deos,
299 558 363 583 me
383 545 455 584 hac
474 545 553 583 una
572 558 662 583 voce
679 559 703 583 a
719 552 843 583 morte
862 558 940 583 esse
958 552 1193 593 revocatum,

72 597 179 650 quod
195 611 329 638 omnes
352 598 394 637 in
423 599 511 637 mea
541 598 621 637 vita
645 606 794 650 partem
820 598 992 650 aliquam
1012 607 1089 638 tuae
1107 599 1196 638 vitae

70 652 278 704 repositam
312 666 393 692 esse
422 652 610 692 dicebant.
653 652 787 700 Quare
811 653 977 704 peccavi,
998 654 1195 692 scelerate-

71 719 149 758 que
162 706 246 745 feci.
276 707 398 756 Nam,
419 707 453 745 si
472 707 704 755 cecidissem,
717 719 819 746 mors
833 707 918 758 ipsa
935 720 1063 745 meam
1075 706 1195 759 pieta-

72 767 151 799 tem
176 773 425 822 amoremque
442 761 483 799 in
501 769 539 800 te
557 760 670 799 facile
693 760 922 800 defenderet.
952 762 995 800 N
996 774 1072 799 unc
1090 774 1195 800 com·

69 813 171 863 misi,
193 824 237 853 ut
264 815 352 853 vivo
376 828 440 854 me
459 828 617 863 careres,
647 815 735 854 vivo
758 828 836 862 me,
864 815 949 854 aliis
974 814 1190 867 indigeres:

68 881 157 907 mea
175 881 251 907 vox
269 869 310 907 in
329 868 546 908 domesticis
571 869 749 921 periculis
772 869 1018 921 potissimum
1047 869 1193 909 occide-

68 929 140 971 ret,
156 936 244 974 quae
263 936 362 975 saepe
381 923 621 962 alienissimis
640 923 815 974 praesidio
831 923 977 963 fuisset.

124 978 234 1015 Nam
248 977 353 1029 quod
367 978 417 1016 ad
434 985 473 1016 te
486 977 596 1029 pueri
614 978 694 1016 sine
704 977 822 1016 literis
840 984 1040 1025 venerunt,
1057 975 1196 1028 quoni-

69 1044 135 1069 am
153 1031 259 1070 vides
284 1044 362 1070 non
387 1031 506 1070 fuisse
532 1031 739 1070 iracundiae
766 1032 894 1080 causa,
915 1039 1013 1071 certe
1038 1031 1194 1083 pigritia

68 1085 159 1134 fuit,
180 1092 219 1124 et
237 1085 417 1138 quaedam
435 1085 587 1124 infinita
601 1085 660 1124 vis
673 1086 932 1137 lacrymarum
951 1093 989 1124 et
1000 1085 1191 1124 dolorum.

70 1138 170 1178 Haec
182 1139 267 1191 ipsa
284 1153 348 1178 me
366 1153 444 1192 quo
456 1140 549 1178 fletu
560 1147 673 1192 putas
692 1140 914 1191 scripsisse?
944 1140 1092 1187 eodem,
1113 1151 1192 1190 quo

67 1200 106 1232 te
124 1194 250 1245 legere
263 1201 365 1233 certo
382 1194 470 1233 scio.
497 1194 568 1233 An
586 1206 656 1246 ego
673 1206 832 1246 possum
850 1201 918 1233 aut
936 1207 1014 1233 non
1027 1193 1195 1244 cogitare

66 1247 277 1300 aliquando
290 1248 339 1287 de
350 1255 402 1297 te,
418 1256 487 1287 aut
505 1260 679 1300 unquam
695 1248 777 1286 sine
792 1248 972 1300 lacrymis
990 1247 1155 1299 cogitare
1171 1249 1190 1286 ἓ

69 1301 176 1342 Cum
191 1302 294 1340 enim
309 1310 347 1341 te
365 1302 548 1351 desidero,
568 1303 727 1341 fratrem
746 1303 870 1341 solum
886 1302 1082 1341 desidero?
1103 1300 1193 1352 Ego

66 1369 156 1396 vero
175 1356 361 1395 suavitate
378 1357 553 1405 fratrem,
587 1355 746 1409 [prope]
783 1357 988 1408 aequalem,
1008 1355 1195 1407 obsequio

66 1410 210 1459 filium,
223 1411 380 1450 consilio
389 1418 600 1462 parentem.
622 1410 731 1458 Quid
743 1410 840 1448 mihi
855 1410 936 1449 sine
951 1417 989 1449 te
999 1422 1191 1461 unquam,

67 1472 136 1503 aut
153 1464 225 1503 tibi
243 1465 324 1504 sine
343 1478 421 1514 me,
433 1464 653 1514 jucundum
664 1463 740 1503 fuit
756 1466 773 1504 Ρ
804 1463 927 1512 Quid,
942 1463 1047 1516 quod
1058 1462 1194 1502 eodem

66 1525 239 1586 tempore
257 1518 427 1558 desidero
445 1519 564 1557 filiam
581 1519 599 1556 ’τ’
628 1532 707 1570 qua
734 1518 899 1570 pietate!
932 1531 1012 1570 qua
1040 1516 1194 1556 modes-

65 1573 147 1611 tia!
192 1586 270 1626 quo
301 1573 481 1625 ingenio!
527 1572 693 1624 effigiem
718 1572 808 1620 oris,
841 1572 1040 1620 sermonis,
1071 1570 1192 1610 animi

65 1627 155 1666 mei.
197 1627 307 1676 Quid
325 1628 452 1666 filium
471 1627 803 1673 venustissimum,
823 1626 1000 1679 mihique
1018 1625 1193 1664 dulcissi-

65 1684 211 1721 mum?
241 1694 360 1743 quem
378 1695 448 1733 ego
461 1681 565 1720 ferus
583 1694 626 1720 ac
641 1680 784 1720 ferreus
799 1694 820 1719 e
838 1680 1044 1732 complexu
1063 1678 1193 1717 dimisi

65 1747 168 1785 meo,
194 1735 465 1788 sapientiorem
485 1747 652 1787 puerum
670 1747 791 1787 quam
809 1735 974 1774 vellem:
1006 1733 1193 1773 sentiebat

68 1789 173 1829 enim
191 1790 306 1829 miser
317 1791 416 1840 jam,
432 1790 527 1842 quid
538 1796 723 1841 ageretur.
752 1788 863 1837 Quid
881 1801 969 1828 vero
984 1796 1097 1827 tuum
1117 1787 1192 1825 fili-

68 1857 163 1883 um.
153 1846 171 1872 ⁹
201 1843 329 1896 quid
318 1844 528 1895 imaginem
558 1851 681 1892 tuam,
705 1856 826 1905 quam
854 1855 966 1881 meus
992 1842 1125 1882 Cicero
1155 1847 1193 1879 et

66 1900 236 1948 amabat,
256 1906 302 1938 ut
315 1898 487 1947 fratrem,
504 1905 542 1936 et
556 1898 654 1947 jam,
670 1905 715 1936 ut
732 1898 919 1947 majorem
936 1897 1109 1944 fratrem,
1129 1909 1194 1934 ve-

66 1952 252 1991 rebatur?
281 1952 421 2001 Quid?
450 1952 556 2004 quod
575 1951 777 1990 mulierem
802 1950 1073 1998 miserrimam,
1099 1949 1194 1987 fide-

65 2007 255 2046 lissimam
267 2008 486 2058 conjugem,
502 2019 568 2045 me
580 2005 761 2058 prosequi
779 2017 857 2044 non
876 2018 964 2044 sum
982 2017 1130 2057 passus,
1150 2009 1196 2041 ut

65 2069 163 2100 oeset
174 2074 263 2114 quae
275 2061 457 2113 reliquias
476 2060 691 2100 communis
706 2059 947 2109 calamitatis,
966 2069 1192 2099 communes

66 2114 221 2164 liberos,
237 2117 444 2154 tueretur?

120 2169 198 2209 Sed
213 2178 359 2219 tamen,
374 2182 533 2222 quoquo
551 2169 667 2208 modo
684 2169 809 2221 potui,
825 2167 972 2220 scripsi,
993 2174 1032 2206 et
1043 2164 1132 2205 dedi
1150 2164 1199 2203 li-

62 2230 165 2275 teras
193 2225 243 2264 ad
261 2231 299 2264 te
322 2224 554 2277 Philogono,
586 2223 725 2263 liberto
756 2230 839 2271 tuo,
868 2235 964 2274 quas
989 2220 1101 2261 credo
1128 2219 1201 2259 tibi
