1498 2401
230 104 315 152 278
417 107 500 147 AD
529 107 584 157 Q.
613 106 918 149 FRATREM.
948 108 1052 148 11113.
1083 108 1119 148 Ι.
1150 107 1186 148 l.

230 228 308 254 non
327 215 443 256 modo
463 217 592 268 saluti,
613 217 678 259 sed
697 218 814 258 etiam
833 217 1060 268 commodis,
1081 216 1278 257 consulere
1294 216 1363 257 de-

233 271 381 310 bemus.

284 325 384 364 Haec
413 333 470 365 ωε
498 339 578 366 una
601 326 655 378 (si
680 340 767 367 vere
794 327 959 379 cogitare
985 324 1185 377 volumus)
1204 325 1247 364 in
1277 333 1360 365 toto

229 379 391 432 imperio
416 388 485 420 tuo
505 381 720 421 difficultas.
750 382 858 421 Nam
878 395 956 421 esse
975 381 1247 428 abstinentem,
1267 393 1360 420 con-

230 434 351 473 tinere
369 448 502 475 omnes
522 436 764 488 cupiditates,
791 450 879 475 suos
897 440 1081 484 coiircere,
1104 435 1204 486 juris
1229 448 1360 488 aequa-

230 488 350 527 bilem
369 496 497 530 tenere
515 491 729 538 rationem3
760 490 913 529 facilem
936 499 974 529 te
992 490 1033 528 in
1060 492 1176 529 rebus
1200 502 1361 541 eognos-

231 543 374 592 oendis,
418 545 460 583 in
501 545 724 584 hominibus
772 544 973 583 audiendis
1022 543 1361 595 admittendisque,

230 599 424 649 praebere3
454 600 685 651 praeclarum
704 599 828 650 magis
842 606 911 646 est,
932 611 1052 650 quam
1071 598 1236 638 difficile.
1265 598 1361 636 Non

230 658 286 690 est
312 653 420 691 enim
443 653 615 705 positum
633 653 675 691 in
706 654 836 692 labore
861 653 1008 704 aliquo,
1038 652 1104 691 sed
1125 653 1167 690 in
1186 652 1361 704 quadam

230 705 452 746 inductione
471 708 591 746 animi
620 716 737 759 atque
755 707 964 746 voluntate.
994 707 1072 745 Illa
1088 720 1204 745 causa
1230 707 1362 759 publi-

231 772 416 800 canorum
446 769 632 814 quantam
663 761 909 800 acerbitatem
936 761 1071 799 afferat
1096 760 1217 809 sociis,
1246 761 1363 800 intel·

230 814 398 854 leximus
429 829 477 855 ex
508 816 668 864 civibus,
694 815 763 867 qui
788 828 926 876 nuper,
955 815 997 853 in
1029 814 1207 867 portoriis
1235 814 1362 854 Italiae

230 869 423 918 tollendis,
458 883 536 908 non
560 877 642 908 tam
671 869 720 908 de
744 869 926 921 portorio,
953 882 1074 921 quam
1093 869 1141 907 de
1162 869 1360 908 nonnullis

228 922 380 973 injuriis
391 924 637 976 portitorum,
653 925 847 976 querebar:
837 930 926 961 ntur.
955 924 1103 972 Quare,
1116 935 1195 961 non
1209 923 1360 975 ignoro,

229 977 323 1028 quid
343 978 451 1018 sociis
470 978 644 1018 accidat‘
633 990 674 1016 m
692 977 843 1016 ultimis
861 977 984 1028 terris,
1002 990 1093 1018 cum
1111 977 1331 1016 audierim·
1319 991 1361 1017 m

230 1031 347 1070 Italia
366 1033 539 1095 querelas
558 1032 714 1071 civium.

285 1087 367 1126 Hic
386 1095 423 1126 te
441 1087 495 1126 ita
514 1087 670 1134 versari,
683 1093 729 1126 ut
743 1092 781 1125 et
793 1086 1010 1139 publicanis
1029 1085 1250 1137 satisfacias,
1262 1099 1363 1140 prae-

231 1141 363 1180 sertim
382 1141 548 1193 publicis
578 1142 682 1180 male
702 1140 898 1190 redemtis,
919 1149 958 1181 et
984 1141 1102 1180 socios
1130 1141 1256 1194 perire
1281 1153 1361 1180 non

231 1195 347 1245 sinas,
367 1196 508 1235 divinae
530 1196 732 1246 cujusdam
755 1195 908 1235 virtutis
936 1209 1016 1235 esse
1033 1195 1199 1245 videtur,
1227 1195 1269 1234 id
1287 1203 1359 1245 ωε,

230 1257 320 1288 tuae.
352 1250 411 1289 Ac
425 1251 600 1302 primum
620 1250 779 1299 Graecis,
799 1250 840 1288 id
855 1250 960 1302 quod
979 1250 1269 1289 acerbissimum
1286 1258 1359 1299 est,

231 1304 337 1356 quod
362 1314 452 1343 sunt
471 1305 686 1367 vectigales,
706 1317 785 1343 non
809 1304 866 1343 ita
884 1305 1065 1343 acerbum
1092 1304 1214 1343 videri
1231 1304 1359 1353 debet,

227 1366 431 1421 propterea
460 1359 578 1411 quod,
611 1359 692 1398 sine
721 1359 883 1411 imperio
912 1359 1048 1411 populi
1070 1359 1255 1407 Romani,
1282 1359 1361 1398 suis

228 1413 427 1462 institutis,
448 1426 518 1466 per
536 1426 575 1452 se
593 1413 667 1466 ipsi
684 1414 738 1452 ita
756 1414 928 1452 fuerunt.
960 1414 1118 1452 Nomen
1137 1420 1268 1452 autem
1286 1427 1362 1466 pu-

228 1468 370 1506 blicani
390 1443 610 1520 adspernari
623 1480 701 1507 non
719 1475 894 1520 possunt,
912 1467 981 1520 qui
998 1467 1194 1519 pendere*
1181 1467 1258 1520 ipsi
1275 1481 1362 1507 vec-

227 1521 322 1573 tigal
341 1522 421 1561 sine
439 1523 646 1573 publicano
664 1535 743 1562 non
761 1528 985 1574 potuerunt,
1006 1521 1140 1575 quod
1129 1522 1177 1561 1is
1197 1522 1358 1574 aequali-

227 1583 285 1614 ter
305 1576 414 1615 Sulla
432 1576 692 1628 descripserat.

287 1629 383 1669 Non
402 1643 481 1669 esse
500 1639 631 1670 autem
648 1630 846 1671 leniores
834 1643 877 1669 m
895 1629 1093 1683 exigendis
1111 1631 1362 1683 vectigalibus

231 1683 401 1732 Graecos,
422 1698 542 1737 quam
561 1693 711 1725 nostros
729 1685 971 1738 publicanos,
997 1685 1089 1724 hinc
1107 1685 1272 1737 intelligi
1290 1698 1363 1738 po-

230 1744 320 1786 teet,
340 1739 444 1791 quod
477 1738 620 1779 Caunii
645 1753 784 1792 nuper,
808 1753 1020 1792 omnesque
1047 1752 1096 1778 ex
1117 1740 1254 1779 insulis
1272 1753 1362 1793 quae

231 1800 340 1831 erant
370 1795 418 1832 ab
449 1792 560 1832 Sulla
591 1795 756 1834 Rhodiis
787 1795 996 1843 attributae,
1026 1793 1282 1847 confugerunt
1311 1793 1362 1833 ad

232 1854 423 1897 senatum,
450 1848 560 1886 nobis
592 1856 637 1886 ut
667 1849 796 1901 potius
819 1848 997 1900 vectigal,
1028 1861 1148 1900 quam
1179 1848 1359 1897 Rhodiis,

230 1901 453 1953 penderent.
484 1902 617 1950 Quare
636 1915 778 1942 nomen
806 1903 1006 1956 publicani
1032 1915 1158 1955 neque
1175 1902 1203 1941 ii
1220 1903 1363 1942 debent

231 1956 399 2005 horrere,
434 1956 503 2008 qui
536 1969 687 2009 semper
716 1958 918 2010 vectigales
947 1957 1136 2003 fuerunt;
1176 1969 1304 2010 neque
1334 1956 1363 1994 11

232 2009 468 2062 adspernari,
500 2011 569 2063 qui
596 2025 666 2063 per
689 2026 729 2051 se
746 2011 914 2064 pendere
935 2011 1100 2063 vectigal
1128 2024 1207 2050 non
1224 2020 1363 2065 potue-

232 2071 352 2110 runt3
383 2077 509 2117 neque
526 2065 554 2103 ii
572 2079 758 2116 recusare,
779 2066 848 2118 qui
866 2066 1170 2118 postulaverunt.

283 2118 411 2157 Simul
444 2126 481 2158 et
509 2118 609 2159 illud
634 2120 733 2159 Asia
762 2120 917 2172 cogitet,
943 2120 1095 2158 nullam
1121 2133 1145 2158 a
1171 2132 1211 2159 se
1229 2131 1358 2172 neque

232 2172 325 2210 belli
345 2173 493 2212 externi
506 2185 632 2227 neque
650 2174 927 2214 discordiarum
942 2173 1245 2213 domesticarum
1264 2174 1367 2213 cala-

234 2226 411 2268 mitatem
431 2227 654 2307 abfuturam
672 2229 806 2281 fuisse,
833 2229 867 2271 si
885 2229 994 2270 hoc
982 2228 1145 2283 imperio
1163 2241 1243 2268 non
1262 2234 1367 2268 tene-
