1513 2370
355 58 440 98 AD
468 57 757 98 ATTICUM.
789 55 1099 101 Lm.X11.27.
1214 54 1289 92 119

391 166 503 219 (26.)
536 165 754 208 CICERO
784 165 1002 206 ATTICO
1032 166 1071 205 s.

220 277 320 326 Sica,
336 284 381 315 ut
395 277 538 324 scribit,
558 275 674 316 etiam
690 276 720 314 si
732 275 830 315 nihil
844 275 1042 314 confecerit
1055 287 1144 313 cum
1158 275 1214 313 A.
1232 274 1292 313 Si-

165 332 233 380 lio,
245 339 375 371 tamen
390 344 431 371 se
448 332 578 371 scribit
595 331 636 370 X
659 329 745 371 Cal.
766 344 845 370 esse
862 337 1082 368 venturum.
1112 329 1211 368 Tuis
1230 341 1293 367 oc-

167 387 435 439 cupationibus
459 387 639 439 ignosco;
670 399 800 437 eaeque
824 385 922 423 mihi
948 393 1037 423 sunt
1067 391 1180 422 notae.
1228 383 1292 421 De

167 443 364 480 voluntate
393 439 473 488 tua,
503 448 548 479 ut
577 441 696 479 simul
715 440 850 487 simus,
871 440 931 478 vel
955 438 1082 477 studio
1100 438 1229 489 potius
1255 445 1293 475 et

167 495 389 549 cupiditate,
405 508 484 534 non
503 495 651 534 dubito.
682 494 745 533 De
765 494 880 532 Nicia
899 494 1004 546 quod
1020 493 1166 539 scribis,
1188 493 1219 530 si
1237 491 1292 530 ita

165 562 231 589 me
244 551 440 596 haberem,
459 558 504 588 ut
524 550 607 600 ejus
624 549 865 588 humanitate
883 548 960 586 frui
978 561 1144 600 possem,
1158 547 1197 584 in
1212 547 1293 598 pri-

167 605 242 644 mis
260 605 398 644 vellem
417 605 532 643 illum
550 617 704 644 mecum
731 604 883 642 habere.
917 603 994 642 Sed
1010 602 1109 640 mihi
1127 601 1292 640 solitudo

168 666 206 698 et
237 672 404 698 recessus
431 659 626 711 provincia
656 666 734 697 est:
767 658 871 710 quod
897 657 989 709 quia
1018 656 1130 695 facile
1148 656 1292 694 ferebat

169 714 269 762 Sica,
286 727 356 766 ego
387 714 511 765 magis
537 714 650 751 illum
670 712 852 752 desidero.
884 712 1074 750 Praeterea
1096 711 1199 749 nesti
1218 709 1294 748 Ni-

168 768 236 807 ciae
255 769 375 807 nostri
400 768 717 813 imbecillitatem,
737 767 958 812 mollitiam,
978 765 1294 805 consuetudinem

169 823 303 862 victus.
347 822 430 863 Cur
449 836 519 874 ego
543 822 601 860 illi
629 823 813 861 molestus
831 835 910 860 esse
935 821 1066 868 velim,
1089 833 1178 859 cum
1197 817 1295 856 mihi

169 877 235 916 ille
250 877 445 927 jucundus
471 891 550 916 esse
574 889 652 915 non
670 876 819 928 possit?
848 875 1041 914 Voluntas
1063 882 1192 913 tamen
1212 873 1294 922 ejus

169 931 268 970 mihi
286 939 394 983 grata
420 939 487 971 est.
516 932 649 970 Unam
664 944 747 970 rem
773 930 823 969 ad
844 943 908 969 me
928 929 1121 981 scripsisti,
1142 928 1190 966 de
1215 926 1295 979 quii

169 985 319 1025 decrevi
331 986 430 1024 nihil
447 986 518 1025 tibi
535 986 761 1025 rescribere:
793 997 903 1037 spero
922 984 1025 1023 enim
1044 997 1108 1022 me
1127 997 1150 1022 a
1164 990 1202 1021 te
1220 982 1294 1019 im-

167 1039 349 1092 petrasse,
364 1050 410 1079 ut
426 1041 594 1094 privares
606 1053 670 1080 me
689 1039 763 1079 ista
778 1039 968 1078 molestia.
1000 1038 1113 1076 Piliae
1132 1045 1169 1077 et
1189 1036 1294 1075 Atti-

168 1108 222 1134 cae
240 1096 417 1135 salutem.

385 1263 498 1310 (27.)
528 1259 743 1302 CICERO
771 1259 995 1300 ATTICO
1025 1260 1065 1300 S.

223 1369 287 1410 De
306 1371 452 1412 Siliano
469 1371 635 1424 negotio,
657 1371 727 1410 etsi
743 1370 842 1410 mihi
869 1382 948 1409 non
976 1376 1030 1408 est
1056 1368 1187 1420 ignota
1205 1379 1296 1407 con-

169 1425 278 1475 ditio,
299 1434 428 1465 tamen
447 1426 562 1464 hodie
583 1439 647 1465 me
666 1439 714 1465 ex
734 1426 821 1466 Sica
839 1425 1001 1464 arbitror
1018 1423 1150 1462 omnia
1168 1422 1297 1474 cogni-

169 1488 316 1520 turum.
358 1481 483 1520 Cottae
509 1481 612 1533 quod
633 1494 748 1532 negas
773 1488 811 1519 te
838 1482 962 1524 nosse,
990 1479 1092 1517 ultra
1110 1477 1297 1517 Silianam

170 1536 304 1575 villam
323 1544 392 1583 est,
415 1549 534 1588 quam
552 1544 648 1587 puto
666 1535 738 1574 tibi
762 1542 894 1573 notam
921 1546 1026 1578 esse;
1057 1532 1193 1570 villula
1218 1545 1299 1570 sor-

170 1590 275 1638 dida,
297 1598 334 1629 et
348 1590 458 1629 valde
475 1590 641 1642 pusilla;
673 1590 771 1628 nihi]
785 1589 893 1641 agri3
924 1587 974 1626 ad
993 1587 1110 1626 aliam
1128 1599 1211 1625 rem
1221 1585 1296 1625 loci

169 1645 295 1692 nihi13
326 1645 417 1684 satis
436 1645 486 1683 ad
504 1658 604 1693 eam,
621 1658 741 1697 quam
760 1656 903 1697 quaero.
933 1643 1081 1694 Sequor
1099 1641 1298 1680 celebrita-

170 1707 262 1738 tem.
292 1700 382 1748 Sed,
402 1699 435 1737 si
453 1699 648 1752 perficitur
659 1699 707 1738 de
724 1698 846 1738 hortis
865 1697 964 1746 Silii,
979 1697 1052 1735 hoc
1071 1703 1140 1742 est,
1161 1695 1193 1733 si
1210 1708 1297 1747 per-

169 1754 249 1793 ficis
269 1754 608 1798 (estenimtotum
627 1750 959 1806 posituminte);
990 1751 1089 1789 nihil
1115 1756 1171 1788 ost
1195 1749 1297 1789 scili-

168 1817 242 1855 cet,
264 1808 369 1861 quod
382 1808 431 1847 de
449 1808 564 1848 Cotta
582 1809 805 1860 cogitemus.

223 1864 288 1901 De
308 1863 504 1911 Cicerone,
529 1871 575 1902 ut
601 1863 746 1912 scribis,
768 1863 822 1902 ita
848 1861 1013 1900 faciam:
1043 1859 1118 1912 ipsi
1135 1858 1296 1912 permit-

168 1925 252 1957 tam
263 1918 310 1956 de
329 1926 499 1969 tempore
515 1932 525 1956 ε
556 1930 809 1957 nummorum
828 1923 1021 1970 quantum
1038 1927 1135 1966 opus
1156 1913 1239 1961 erit,
1253 1920 1299 1952 ut

169 1980 425 2025 permutetur,
455 1980 499 2010 tu
524 1972 679 2012 videbis.
708 1973 775 2011 Ex
798 1971 954 2018 Atedio,
975 1969 1080 2022 quod
1099 1968 1243 2016 scribis,
1266 1967 1298 2006 si

171 2026 267 2079 quid
284 2026 488 2074 inveneris,
509 2026 659 2067 scribes.
701 2027 757 2066 Et
775 2040 846 2079 ego
864 2039 913 2065 ex
930 2025 1008 2064 tuis
1033 2022 1298 2063 animadverto

172 2081 307 2129 literis,
329 2089 366 2120 et
378 2081 547 2134 profecto
565 2090 609 2120 tu
625 2096 673 2121 ex
687 2081 797 2131 meis,
815 2081 914 2120 nihil
930 2080 1071 2119 habere
1089 2090 1173 2126 nos,
1194 2075 1300 2128 quod

175 2136 410 2176 scribamus:
441 2136 575 2176 eadem
597 2136 782 2188 quotidie,
808 2149 898 2189 quae
922 2136 1006 2186 jam
1033 2135 1195 2185 jamque
1215 2131 1300 2183 ipsa
