1498 2401
293 124 380 164 AD
405 125 696 166 ATTICUM.
729 128 829 166 Lm.
852 127 982 166 XIII.
1012 129 1079 166 41.
1184 127 1263 165 169

345 234 365 286 (
381 232 471 284 40.)
506 234 720 276 CICERO
747 235 973 277 ATTICO
1002 237 1042 276 S.

186 342 299 382 Itane
310 344 464 383 nuntiat
477 344 641 395 Brutus,
660 346 774 384 illum
786 346 836 384 ad
850 347 970 385 bonos
982 345 1108 384 viros.
1097 345 1116 367 '²
1146 351 1192 381 E·
1176 360 1264 391 αγ-

130 405 261 443 γελιαε
293 398 359 437 sed
391 398 460 437 ubi
496 402 595 438 eos?
624 400 699 439 nisi
731 400 828 439 forte
861 414 901 439 se
939 399 1147 451 suspendit.
1178 399 1236 436 H
1226 411 1266 437 ic

132 458 264 490 autem
283 461 327 491 ut
346 453 511 492 stultum.
532 455 614 493 est!
647 455 728 494 Ubi
747 455 865 506 igitur
888 462 972 504 φιὶο
960 471 1062 505 *rs-s>
1051 470 1141 499 mun.
1159 452 1261 490 illud

129 513 257 555 tuum,
272 507 378 558 quod
389 507 468 546 vidi
486 508 524 546 in
542 509 801 557 Parthenone,
817 509 991 547 Ahalam
1007 516 1043 546 et
1058 508 1259 545 Brutum?

129 557 207 599 Sed
225 562 333 624 quid·
338 562 482 601 faciat.
512 563 620 601 Illud
638 564 797 616 optime,
826 567 854 586 “
871 563 937 602 sed
958 576 1008 601 ne
1026 562 1058 601 is
1084 562 1258 614 quidem,

128 614 198 666 qui
229 617 406 655 omnium
439 617 675 680 flagitiorum
706 626 852 667 auctor,
884 619 982 656 bene
1011 617 1058 655 de
1087 616 1244 654 nostro?

129 672 189 707 At
207 683 278 722 ego
297 673 467 721 verebar,
487 684 538 710 ne
557 672 674 711 etiam
693 673 842 712 Brutus
862 685 953 711 eum
972 671 1174 723 diligeret:
1205 670 1261 708 ita

129 723 234 763 enim
264 724 497 777 significarat
514 726 574 776 iis,
603 740 698 779 quas
718 727 768 766 ad
785 740 902 766 meas.
933 726 994 764 At
1022 726 1163 764 vellem
1191 724 1264 763 alj-

128 779 226 829 quid
253 779 475 831 degustasse
502 781 550 819 de
580 781 733 820 fabulis.
764 781 840 821 Sed
866 794 1008 829 coram,
1041 788 1086 818 ut
1116 779 1260 818 scribis.

128 832 232 882 Etsi,
271 834 368 886 quid
399 837 457 874 mi
495 843 627 874 auctor
664 836 731 876 es?
760 836 959 886 advolone,
999 847 1048 873 an
1085 846 1224 873 maneo
1242 835 1261 871 Ρ

130 886 328 939 Equidem
358 896 396 928 et
424 890 466 928 in
495 890 606 929 libris
630 890 770 940 haereo,
798 899 836 930 et
857 892 972 929 illum
997 890 1062 928 hic
1086 888 1263 940 excipere

128 943 219 981 nolo
235 957 246 981 ε
277 943 327 982 ad
345 957 478 997 quem,
498 951 543 982 ut
558 945 686 994 audio,
703 954 812 997 pater
825 945 939 983 hodie
954 944 1003 982 ad
1018 945 1121 983 Saxa
1134 944 1261 981 Acro-

128 1008 257 1036 noma.
288 998 456 1048 Mirum,
477 1012 597 1051 quam
616 999 796 1039 inimicus
826 1000 906 1037 ibat
923 1014 935 1045 ς
972 1006 1017 1036 ut
1038 1011 1108 1049 ego
1127 998 1261 1047 objur-

127 1064 272 1102 garem.
301 1053 378 1092 Sed
397 1067 467 1105 ego
481 1053 562 1105 ipse
582 1063 802 1104 namnam.
833 1054 974 1105 Itaque
991 1053 1161 1104 posthac.
1191 1051 1258 1088 Tu

127 1113 258 1145 tamen
277 1107 376 1156 vide,
398 1108 493 1160 quid
512 1108 559 1147 de
573 1108 740 1146 adventu
753 1121 840 1147 meo
855 1121 1031 1153 censeas3
1054 1115 1090 1145 et
1106 1122 1155 1143 τα
1176 1109 1261 1152 ὅλα,

127 1172 209 1200 cras
227 1161 259 1201 si
276 1162 441 1215 perspici
459 1163 667 1214 potuerint,
687 1175 802 1202 mane
821 1163 949 1201 statim
970 1170 1014 1201 ut
1034 1162 1162 1201 sciam.

346 1324 466 1377 (41.)
499 1324 714 1364 CICERO
743 1323 967 1363 ATTICO
997 1326 1037 1363 S.

179 1432 268 1485 Ego
286 1446 374 1473 vero
393 1433 545 1483 Quinto
564 1435 765 1487 epistolam
784 1434 833 1473 ad
853 1446 1018 1473 sororem
1031 1433 1132 1471 misi.
1152 1431 1258 1472 Cum

125 1487 190 1526 ine
208 1495 430 1540 quereretur
448 1490 528 1529 filio
554 1502 644 1528 cum
663 1496 786 1528 matre
803 1489 968 1535 bellum,
989 1496 1027 1526 et
1045 1500 1084 1526 se
1103 1489 1152 1527 ob
1172 1500 1258 1526 eam

126 1554 281 1581 musam
292 1543 408 1583 domo
423 1556 620 1583 cessurum
636 1543 716 1582 filio
728 1544 896 1589 diceret,
886 1558 896 1567 ·
927 1543 1009 1582 dixi
1023 1543 1137 1581 11111111
1153 1555 1259 1581 com-

126 1596 261 1636 modas
280 1597 331 1637 ad
347 1606 513 1637 matrem
532 1598 675 1647 literas,
695 1598 746 1637 ad
765 1605 803 1637 te
821 1599 961 1637 11111133.
994 1598 1069 1636 Ille
1082 1598 1259 1636 alterum

126 1651 365 1699 mirabatur3
396 1652 443 1692 de
472 1661 509 1692 te
532 1661 663 1692 autem
687 1666 797 1692 suam
824 1653 994 1705 culpam,
1025 1652 1131 1705 quod
1157 1664 1259 1718 saepe

126 1707 294 1758 graviter
311 1707 361 1746 ad
381 1708 506 1747 filium
527 1707 733 1759 scripsisset
752 1707 799 1746 de
818 1708 888 1746 tua
907 1708 948 1746 in
966 1706 1113 1745 illum
1102 1704 1257 1756 mjuria.

127 1761 248 1810 Quod
266 1768 396 1801 autem
423 1761 656 1815 relang'uisse
678 1775 718 1801 se
746 1762 852 1809 dicit,
875 1775 945 1814 ego
971 1762 1020 1810 ei,
1042 1761 1119 1800 tuis
1138 1760 1260 1800 literis

125 1816 232 1855 lectis
254 1822 411 1860 σκολιας
431 1833 593 1864 oen-arag,
614 1816 825 1869 significavi
843 1830 907 1855 me
925 1829 1004 1855 non
1023 1816 1115 1855 fore.
1147 1815 1258 1853 Tum

126 1871 232 1909 enim
250 1871 397 1910 mentio
416 1871 547 1910 Canae.
578 1872 769 1920 Omnino,
791 1871 822 1910 si
847 1871 888 1910 id
907 1871 1112 1910 consffium
1131 1871 1259 1922 place-

124 1931 197 1972 ret,
218 1932 315 1964 esset
333 1938 495 1965 necesse.
526 1926 603 1965 Sed
630 1928 693 1979 (ut
713 1924 862 1976 scribis)
883 1926 980 1964 ratio
1009 1932 1064 1964 est
1081 1924 1262 1964 habenda

127 1979 354 2031 gravitatis,
343 1994 354 2004 ·
385 1987 423 2019 et
436 1980 637 2033 utriusque
648 1983 822 2020 nostrum
836 1981 941 2019 idem
956 1979 1159 2019 consilium
1177 1990 1262 2018 esse

127 2035 265 2073 debet:
297 2034 368 2073 etsi
385 2034 427 2072 in
440 2047 505 2073 me
516 2036 706 2087 graviores
720 2035 887 2086 injuriae,
905 2043 942 2074 et
961 2042 1060 2073 certe
1076 2034 1256 2072 notiores.

128 2088 171 2127 Si
190 2101 279 2127 vero
297 2089 414 2128 etiam
432 2090 581 2129 Brutus
604 2090 753 2143 aliquid
771 2090 917 2139 afferet,
938 2089 1048 2128 nulla
1067 2087 1263 2127 dubitatio

128 2149 196 2182 est.
225 2143 302 2182 Sed
320 2157 474 2182 coram:
506 2157 650 2206 11138113
675 2145 779 2184 enim
799 2158 874 2194 res,
901 2150 938 2182 et
956 2143 1092 2181 multae
1111 2141 1271 2182 cauti0-.

126 2197 201 2236 nis.
234 2196 331 2237 Cras
350 2198 498 2249 igitur3
528 2199 601 2238 nisi
621 2199 716 2252 quid
736 2213 758 2238 3
776 2206 813 2238 te
831 2200 1081 2238 commeatus.

186 2231 389 2304 (Epimcr)D
381 2264 408 2290 v
415 2265 488 2292 OL.
512 2264 585 2291 111.
954 2263 983 2292 Q
