1498 2401
343 87 428 127 AD
456 87 508 137 Q.
531 88 836 130 FRATREM.
867 89 970 128 Lm.
1003 89 1037 128 Ι.
1060 90 1098 127 2.
1209 89 1290 128 285

189 207 300 235 enere
320 203 415 245 toto,
434 209 483 235 ne
501 196 600 236 forte
617 210 682 236 me
701 198 742 237 in
761 199 916 238 Graecos
942 205 1025 238 tam
1044 197 1296 238 ambitiosum

158 209 307 289 {actum
325 263 405 290 esse
423 251 574 299 mirere,
595 265 719 304 pauca
736 265 931 304 cognosce.

215 305 305 357 Ego
323 318 415 344 cum
435 306 660 345 Graeeorum
678 308 854 359 querelas
877 307 1045 346 nimium
1065 308 1190 347 valere
1208 319 1297 346 sen-

162 359 290 408 tirem,
309 367 466 412 propter
492 360 700 399 hominum
727 361 882 412 ingenia
910 361 959 399 ad
986 362 1203 400 fallendum
1227 375 1298 414 pa-

165 420 273 460 rata;
304 427 570 476 quoscumque
599 415 647 454 de
670 423 708 454 te
738 416 848 467 queri
874 415 1019 463 audivi,
1051 429 1300 469 quacumque

164 467 275 520 potui
293 469 453 531 ratione,
468 470 629 531 placavi.
661 470 858 518 Primum,
879 470 1209 522 Dionysopolitas,
1231 471 1300 523 qui

166 529 276 561 erant
300 523 556 562 inimicissimi
583 524 675 572 mei,
706 524 847 562 lenivi:
880 537 1047 576 quorum
1086 525 1299 577 principem

167 576 435 630 Hermippum
455 591 533 617 non
553 579 677 617 solum
705 591 880 617 sermone
898 591 999 627 meO,
1021 579 1088 617 sed
1108 580 1224 617 etiam
1243 579 1301 618 fa-

166 631 403 680 miliaritate,
424 632 593 671 devinxi.
622 634 710 685 Ego
734 634 1003 685 Apamensem
1025 633 1299 685 Hephaestum,

169 699 241 737 ego
272 687 514 726 levissimum
545 687 761 736 hominem,
792 687 1054 740 Megaristum
1084 688 1302 726 Antandri-

167 753 253 788 um,
282 754 354 793 ego
380 741 537 780 Niciam
557 743 820 794 Smyrnaeum,
841 756 912 794 ego
941 755 1065 794 nugas
1094 743 1302 791 maximas,

168 795 277 833 omni
305 796 393 834 me‘a
413 796 592 835 comitate
615 809 703 835 sum
734 798 974 849 complexuS,
1004 797 1303 848 Nymphontem

169 850 286 888 etiam
304 849 606 902 Colophonium.
637 851 740 898 Quae
758 851 831 890 feci
849 852 995 899 omnia,
1022 863 1100 889 non
1124 864 1202 903 quo
1222 865 1302 899 me,

171 911 241 942 aut
259 905 286 942 ii
306 905 497 954 homines,
518 912 586 944 aut
605 912 685 944 tota
703 906 808 944 natio
835 906 1062 944 delectaret:
1096 913 1305 957 pertaesum

172 967 229 997 est
247 959 428 1007 levitatis,
461 960 742 1009 assentationis,
775 960 1010 1008 animorum,
1043 972 1121 998 non
1154 960 1303 1009 officiis,

172 1013 238 1052 sed
250 1013 503 1066 temporibus,
524 1014 788 1053 servientium.

227 1068 319 1116 Sed,
339 1076 385 1106 ut
404 1068 453 1106 ad
468 1068 636 1107 Zeuxim
655 1077 840 1108 revertar:
863 1069 1000 1109 cumis
1014 1069 1062 1108 de
1077 1068 1140 1109 M.
1154 1069 1307 1109 Cascel-

172 1121 216 1161 lii
231 1135 406 1161 sermone
424 1135 557 1162 secum
576 1123 723 1173 habito,
745 1137 833 1176 quae
852 1132 895 1162 tu
915 1124 1061 1172 scribis,
1083 1138 1128 1163 ea
1151 1124 1236 1176 ipsa
1249 1125 1308 1163 lo-

170 1185 374 1229 queretur,
395 1177 526 1217 obstiti
554 1178 637 1228 ejus
657 1179 839 1227 sermoni,
860 1186 898 1217 et
915 1179 1115 1217 hominem
1133 1179 1173 1217 in
1193 1179 1310 1218 fami-

174 1231 382 1270 liaritatem
409 1232 545 1285 recepi.
589 1232 681 1271 Tua
709 1240 840 1272 autem
872 1247 960 1285 quae
984 1233 1101 1272 fuerit
1119 1233 1308 1285 cupiditas

176 1293 300 1334 tanta,
339 1286 479 1335 nescio,
517 1287 624 1338 quod
660 1287 794 1326 scribis
830 1288 994 1340 cupiisse
1031 1296 1082 1336 te,
1122 1288 1308 1340 quoniam

162 1341 356 1393 Smyrnae
375 1341 454 1380 duo
474 1341 613 1394 Mysos
638 1342 819 1381 insuisses
849 1343 890 1380 in
920 1342 1104 1389 culleum,
1126 1343 1278 1380 simile·
1267 1355 1309 1380 m

177 1395 372 1447 superiore
390 1403 499 1448 parte
517 1396 723 1448 provinciae
753 1397 863 1436 edere
886 1397 1112 1459 exemplum
1132 1396 1312 1436 severita-

168 1449 227 1488 tis
246 1458 338 1498 tuae,
359 1458 397 1489 et
414 1450 554 1489 idcirco
570 1450 738 1489 Zeuxim
758 1451 892 1490 elicere
909 1452 1017 1490 omni
1036 1451 1182 1490 ratione
1201 1452 1312 1491 volu-

179 1504 277 1543 isse.
307 1517 441 1559 quem,
463 1505 712 1543 adductum
701 1519 742 1544 m
764 1506 971 1556 judicium,
992 1506 1151 1545 fortasse
1169 1506 1314 1545 dimitti

180 1571 259 1598 non
281 1559 522 1611 oportuerit3
554 1560 727 1610 conquiri
746 1574 850 1609 vero,
877 1568 915 1599 et
934 1561 1019 1599 elici
1036 1560 1233 1600 blanditiis
1253 1564 1316 1605 (ut

183 1613 398 1667 tu5scribis)
419 1614 469 1653 ad
484 1614 693 1664 judicium,
713 1628 865 1654 necesse
883 1627 959 1653 non
979 1615 1080 1661 fuit3
1107 1629 1198 1654 eum
1217 1629 1316 1668 prae-

184 1669 317 1708 sertim
335 1669 551 1718 hominem,
572 1683 690 1721 quem
711 1683 796 1722 ego,
814 1677 851 1708 et
865 1683 913 1708 ex
928 1669 1008 1708 suis
1028 1670 1189 1718 civibus,
1210 1677 1249 1709 et
1267 1683 1316 1708 ex

182 1723 318 1762 multis
332 1723 431 1772 aliis,
453 1723 625 1776 quotidie
643 1725 768 1776 magis
786 1737 972 1776 cognosco
991 1724 1218 1763 nobiliorem
1237 1737 1317 1763 esse

183 1790 318 1832 prope,
339 1790 460 1830 quam
480 1777 672 1817 civitatem
693 1792 816 1818 suam.

238 1835 295 1871 At
313 1832 418 1872 enim
437 1832 585 1871 Graecis
617 1833 708 1872 solis
737 1833 921 1886 indulgeo
935 1835 953 1872 ⁴?
981 1832 1093 1882 Quid
1107 1836 1125 1873 ’ἓ
1156 1833 1204 1872 L.
1227 1832 1315 1872 Cae-

180 1887 315 1928 cilium
335 1899 463 1925 nonne
477 1887 584 1925 omni
596 1887 742 1926 ratione
754 1888 932 1940 placavi?
953 1901 1071 1940 quem
1085 1888 1283 1926 hominem
1301 1886 1312 1925 !

182 1956 262 1995 qua
281 1941 367 1980 ira!
399 1954 478 1993 quo
503 1941 667 1993 spiritu.
658 1943 667 1968 '
700 1942 832 1990 Quem
852 1942 1034 1994 denique,
1054 1950 1192 1994 praeter
1212 1942 1317 1979 Tus-

181 1997 352 2045 cenium,
371 1997 484 2051 cujus
499 2009 613 2034 causa
624 1998 751 2036 sanari
765 2010 843 2036 non
861 2004 1001 2050 potest,
1016 2009 1094 2035 non
1109 1995 1317 2047 mitigavi?

182 2051 286 2091 Ecce
304 2064 422 2113 supra
441 2058 560 2103 caput
577 2051 696 2090 homo
713 2052 808 2091 levis
827 2065 871 2090 ac
890 2051 1080 2099 sordidus,
1101 2049 1167 2089 sed
1185 2058 1318 2088 tamen

184 2105 352 2158 equestri
379 2118 510 2155 censu,
545 2105 751 2145 Catienus:
783 2106 901 2146 etiam
926 2105 959 2145 is
983 2105 1160 2145 lenietur.
1190 2103 1316 2154 Cujus

183 2167 227 2200 tu
245 2159 287 2200 in
305 2166 457 2213 patrem
485 2159 591 2212 quod
609 2159 718 2199 fuisti
735 2160 919 2214 asperior,
944 2172 1024 2199 non
1052 2158 1317 2211 reprehendo.

183 2222 286 2255 certo
305 2214 410 2254 enim
429 2213 520 2263 scio,
541 2221 579 2254 te
592 2213 724 2254 fecisse
741 2227 832 2254 cum
852 2214 980 2255 causa.
1009 2213 1086 2254 Sed
1105 2212 1201 2266 quid
1219 2225 1317 2266 opus
