1467 2401
322 95 413 136 AD
440 91 725 147 ATTICUM.
753 93 855 134 LIB.
875 94 954 135 xi.
983 96 1050 134 25.
1200 95 1255 141 97

133 204 232 245 ferre
262 216 340 243 non
373 211 504 243 curat:
536 217 584 243 ex
614 216 692 256 quo
721 216 909 255 magnum
936 203 1115 255 equidem
1149 203 1257 256 capio

132 260 318 308 dolorem,
346 258 413 297 sed
440 270 518 296 non
544 266 711 305 tantum,
734 268 924 310 quantum
950 259 1079 296 videor
1109 258 1257 297 debere.

136 313 247 352 Nihil
281 313 384 352 enim
409 312 496 350 mezi
520 313 650 350 minus
675 312 854 351 interesse
883 310 1007 363 puto,·³
1023 311 1154 364 quam}
1165 311 1261 364 quid

133 367 241 406 illinc
266 367 472 406 afferatur:
502 367 543 405 id
566 368 831 419 quamobrem,
859 376 897 404 te
921 366 1133 419 intelligere
1159 376 1261 406 certo

134 435 224 460 scio.

192 475 311 524 Quod
328 488 393 514 me
411 487 544 513 mones
570 474 617 513 de
636 474 747 513 vultu
776 482 813 514 et
840 474 1009 514 oratione
1033 475 1082 514 ad
1106 483 1260 527 tempus

137 530 486 575 accommodandQ
517 529 587 567 etsi
605 529 757 568 difficile
785 536 854 577 est,
875 538 1004 568 tamen
1033 530 1262 582 imperarem

137 584 249 632 mihi,
271 586 301 622 si
320 584 407 622 mea
426 584 640 635 quidquam
658 583 836 622 interesse
854 591 1042 634 putarem.

193 638 313 685 Quod
332 638 475 684 scribis,
503 637 622 675 literis
640 646 776 689 putare
808 638 1037 677 Africanum
1063 636 1262 691 negotium

139 692 273 732 confici
291 705 414 744 posse,
435 692 573 730 vellem
593 691 786 739 scriberes,
804 706 871 731 cur
888 692 942 730 ita
960 701 1137 744 putares:
1168 695 1268 734 mihi

142 746 300 799 quidem
318 746 416 785 nihil
435 746 475 783 in
493 753 663 783 mentem
691 747 807 795 venit,
829 760 946 798 quare
964 747 1004 785 id
1023 756 1157 799 putem
1183 749 1266 788 fieri

144 815 276 853 posse:
307 808 350 839 tu
369 809 513 847 tamen,
544 799 675 847 velim,
696 801 728 838 si
757 801 851 853 quid
875 801 944 839 erit
963 802 1067 853 quod
1097 805 1267 842 consola-

144 856 258 894 tionis
287 855 434 906 aliquid
462 855 615 902 habeat,
648 855 787 893 scribas
818 855 867 894 ad
895 868 970 894 me.
1000 856 1068 895 Sin
1090 858 1154 909 (ut
1182 871 1269 909 per-

147 908 281 961 spicio)
314 909 412 946 nihil
441 908 525 955 erit,
558 908 696 947 scribas
724 909 765 947 id
790 910 931 961 ipsum.
960 909 1048 961 Ego
1078 911 1127 948 ad
1157 920 1207 958 te,
1237 912 1268 950 si

146 964 242 1016 quid
260 963 415 1003 audiero
434 963 559 1010 citius,
581 963 756 1001 scribam.
786 963 899 1002 Vale.
920 964 1031 1003 VIII
1051 965 1112 1003 Id.
1133 967 1240 1005 Sext.

366 1124 479 1171 (25.)
510 1121 730 1162 c1cERo
757 1123 983 1164 ATT1co
1012 1125 1053 1165 s,

204 1231 333 1270 Facile
352 1232 534 1270 assentior
549 1231 625 1270 tuis
643 1231 760 1270 literis
776 1246 789 1278 ς
820 1232 961 1283 quibus
975 1234 1132 1285 exponis
1152 1235 1275 1287 pluri-

150 1289 224 1326 bus
255 1286 394 1334 verbis,
425 1287 580 1324 nullum
608 1292 646 1323 te
669 1286 810 1324 habere
840 1288 1056 1335 consilium,
1081 1303 1158 1341 quo
1188 1304 1211 1328 a
1236 1299 1275 1330 te

150 1341 295 1393 possim
311 1340 450 1390 juvari.
482 1339 701 1379 Consolatio
717 1348 814 1378 certe
828 1341 936 1379 nulla
955 1350 1023 1389 est,
1045 1356 1131 1394 quae
1149 1345 1276 1384 levare

150 1395 269 1448 possit
300 1395 472 1433 dolorem
503 1407 647 1432 meum.
678 1394 792 1432 Nihil
822 1402 877 1432 est
907 1396 1009 1434 enim
1040 1405 1277 1438 contractum

152 1463 267 1489 casu:
298 1462 390 1487 nam
419 1449 460 1487 id
489 1456 585 1487 esset
607 1448 833 1486 ferendum:
865 1449 930 1487 sed
958 1452 1088 1489 omnia
1114 1452 1276 1492 fecimus

152 1505 199 1543 iis
218 1504 407 1543 erroribus
436 1511 472 1542 et
489 1503 650 1541 miseriis
676 1510 713 1540 et
731 1503 852 1540 animi
871 1511 908 1542 et
934 1506 1113 1556 corporis,
1135 1507 1278 1558 quibus

152 1558 320 1611 proximi
346 1557 496 1596 utinam
525 1557 671 1595 mederi
707 1557 944 1596 maluissent.
991 1559 1272 1610 Quamobrem,

155 1613 341 1665 quoniam
359 1625 484 1664 neque
499 1611 646 1650 consilii
662 1611 719 1649 tui
733 1624 857 1663 neque
876 1613 1140 1653 consolationis
1152 1617 1281 1665 cujus.

157 1681 277 1720 quam
296 1680 380 1718 spes
397 1667 479 1704 ulla
498 1666 595 1704 mihi
620 1666 844 1713 ostenditur,
868 1680 946 1705 non
966 1681 1137 1719 quaeram
1156 1669 1237 1708 haec
1257 1685 1280 1710 a

158 1731 196 1761 te
214 1721 396 1774 posthac:
427 1728 580 1759 tantum
609 1720 740 1768 velim,
771 1732 819 1759 ne
851 1720 1107 1761 intermittas:
1139 1723 1279 1763 scribas

159 1777 209 1815 ad
222 1790 300 1824 me,
317 1775 508 1827 quidquid
522 1774 646 1813 veniet
660 1774 731 1813 tibi
749 1774 788 1812 in
805 1784 989 1825 mentem,
1005 1790 1093 1815 cum
1108 1778 1282 1827 habebis,

160 1831 223 1870 cui
251 1831 333 1879 des,
365 1837 402 1868 et
427 1829 523 1867 dum
549 1829 632 1879 erit,
653 1829 703 1867 ad
725 1842 842 1881 quem
868 1830 960 1869 des:
991 1832 1096 1882 quod
1120 1833 1284 1883 longum

159 1898 238 1925 non
258 1885 340 1924 erit.

218 1940 343 1978 Illum
368 1937 577 1977 discessisse
604 1937 855 1988 Alexandria,
879 1952 1011 1978 rumor
1040 1948 1096 1978 est
1120 1953 1198 1979 non
1220 1942 1287 1981 fir.

162 2007 267 2043 mus,
298 2001 403 2032 ortus
433 2006 481 2031 ex
508 1992 669 2044 Sulpicii
696 1992 843 2039 literis;
875 2007 970 2045 quas
998 1995 1127 2033 cuncti
1157 2003 1289 2048 postea

164 2048 294 2088 nuntii
326 2046 629 2086 confirmarunt:
668 2046 772 2098 quod
803 2060 936 2086 verum
969 2061 1018 2086 an
1047 2049 1189 2087 falsum
1222 2051 1285 2100 sit,

164 2103 349 2156 quoniam
366 2101 456 2140 mea
474 2100 571 2139 nihil
589 2101 757 2149 interest,
773 2108 905 2140 utrum
923 2103 1074 2150 malim,
1094 2105 1232 2142 nescio.

221 2154 340 2205 Quod
370 2155 419 2195 ad
450 2162 488 2194 te
526 2155 759 2207 jampridem
791 2156 838 2195 de
872 2164 1096 2195 testamento
1126 2158 1286 2210 scripsi;

166 2211 271 2265 apud
291 2225 458 2249 ευπιστον
480 2209 566 2248 illas
585 2210 727 2256 velim3
758 2218 801 2250 ut
812 2211 972 2264 possint,
986 2211 1171 2251 advertas.
1200 2213 1289 2265 Ego

224 2267 394 2318 (Epist.)
415 2275 521 2305 vm..
545 2275 618 2303 111.
989 2277 1018 2304 K
