1498 2401
405 60 490 100 AD
518 60 784 101 BRUTUM.
814 61 974 99 EPIST.
993 61 1063 99 23.
1216 62 1296 100 383

171 168 305 208 Falsas
334 168 499 208 dicerem
514 172 532 209 ,⁹
562 170 656 222 quid
675 170 706 209 si
725 178 768 208 tu
799 181 862 208 eas
892 167 1175 221 approbasses?
1205 182 1298 209 con-

169 224 364 262 firmarem
377 224 396 260 ?
424 236 502 263 non
522 232 602 263 erat
620 224 817 276 dignitatis
834 230 926 262 tuae.
955 223 1096 275 Itaque
1121 224 1187 263 ille
1215 224 1299 264 dies

97 286 101 289 ’
167 278 331 316 silentio.

225 332 413 370 Postridie
427 340 557 371 autem
572 344 661 370 cum
676 345 800 371 sermo
814 332 1096 381 increbruisset,
1111 333 1299 385 Pilusque

170 385 300 425 oculos
337 387 600 425 vehementius
646 387 850 424 hominum
881 387 1114 435 offendisset,
1158 396 1296 426 natum

167 440 326 479 omnino
359 448 414 478 est
441 440 675 492 principium
703 454 726 479 a
753 453 830 479 me.
860 441 924 479 De
951 454 1098 492 procos.
1127 442 1301 481 Antonio

167 494 293 532 multa
309 509 319 533 z
351 495 506 534 Sextius
534 508 656 533 causae
694 507 771 533 non
802 495 936 533 defuit.
984 496 1091 544 Post,
1125 509 1294 545 mecum,

167 556 314 600 quanto
333 562 449 587 suum
468 550 608 598 filium,
630 557 775 600 quanto
804 562 951 597 meum,
972 549 1013 586 in
1040 550 1211 601 periculo
1229 550 1295 588 fu-

166 610 299 641 turum
314 603 482 651 duceret,
504 604 535 642 si
554 610 686 642 contra
700 604 969 655 proconsulem
980 616 1089 642 arma
1106 604 1296 643 tulissent.

168 657 286 696 Nosti
305 658 504 696 hominem
520 673 531 696 ε
562 671 685 696 causae
703 670 780 696 non
800 658 936 696 defuit.

220 711 418 750 Dixerunt
443 712 559 751 etiam
578 712 656 749 alii.
700 712 832 751 Labeo
851 725 940 750 vero
959 719 1099 759 noster,
1130 724 1200 751 nec
1219 713 1299 765 sig-

165 778 262 804 num
282 774 396 804 tuum
415 766 456 805 in
485 766 660 818 epistola,
689 778 759 805 nec
786 767 890 805 diem
918 766 1152 818 appositum,
1172 779 1242 806 nec
1261 775 1300 806 te

167 820 358 871 scripsisse
376 821 425 859 ad
437 829 537 868 tuos,
558 828 603 858 ut
617 821 753 859 soleres
768 835 778 858 ε
808 821 880 859 hoc
895 833 1027 872 cogere
1045 821 1210 870 volebat,
1226 821 1300 860 fal-

165 888 225 913 sas
242 874 370 913 literas
389 888 482 923 esse,
504 883 554 923 et,
575 875 608 913 si
627 875 780 926 quaeris,
801 877 1000 926 probabat.

222 929 342 967 Nunc
370 937 484 968 tuum
513 937 569 968 est
597 929 814 977 consilium,
835 930 972 976 Brute,
994 929 1042 967 de
1060 936 1141 967 toto
1160 942 1298 981 genere

166 984 271 1022 belli.
302 983 428 1022 Video
447 992 483 1023 te
497 984 654 1022 lenitate
668 983 860 1033 delectari,
877 991 914 1022 et
933 996 1022 1022 eum
1041 991 1177 1035 putare
1195 984 1301 1024 fruc-

165 1045 252 1076 tum
273 1052 350 1077 esse
364 1039 583 1077 maximum
601 1053 610 1076 :
642 1038 823 1090 praeclare
842 1038 1025 1090 quidem3
1056 1037 1122 1076 sed
1141 1038 1226 1077 aliis
1239 1052 1301 1078 re-

166 1094 257 1140 bus,
279 1093 362 1131 aliis
380 1093 631 1145 temporibus,
652 1093 758 1131 locus
778 1106 856 1131 esse
882 1093 977 1131 solet
1007 1092 1195 1143 debetque
1221 1093 1297 1131 cle-

167 1147 336 1186 mentiae.
376 1148 497 1187 Nunc
520 1147 614 1200 quid
646 1148 788 1198 agitur,
814 1148 966 1186 Brute?
996 1146 1173 1197 Templis
1191 1146 1301 1186 Deo->

165 1214 255 1240 rum
273 1201 555 1240 immortalium
587 1202 766 1240 imminet
796 1201 1002 1240 hominum
1033 1201 1229 1253 egentium
1258 1208 1298 1241 et

166 1255 405 1307 perditorum
423 1270 533 1308 spes;
554 1269 625 1295 nec
644 1256 859 1308 quidquam
873 1256 980 1295 aliud
995 1255 1210 1295 decernitur
1223 1255 1299 1296 hoc

165 1311 282 1358 bello,
309 1311 385 1349 nisi
402 1320 534 1349 utrum
558 1311 691 1359 simus,
712 1323 843 1349 necne.
879 1311 956 1350 Cui
973 1310 1167 1363 parcimus
1181 1312 1199 1349 Ρ
1228 1318 1298 1350 aut

164 1364 260 1416 quid
287 1365 470 1417 agimus?
501 1366 578 1404 His
597 1379 686 1417 ergo
715 1366 964 1413 consulimus,
987 1365 1129 1417 quibus
1147 1364 1301 1403 victori-

164 1420 252 1466 bus,
282 1420 488 1471 vestigium
517 1423 690 1458 nostrum
714 1420 869 1458 nullum
889 1418 1158 1471 relinquetur?
1187 1419 1298 1458 Nam

164 1473 259 1526 quid
286 1473 442 1513 interest
469 1474 568 1513 inter
596 1474 844 1513 Dolabellam
873 1482 910 1512 et
936 1473 1110 1526 quemvis
1130 1473 1298 1512 Antoni-

165 1541 278 1566 orum
305 1528 458 1567 trium'?
487 1542 654 1580 quorum
674 1529 706 1567 si
725 1529 788 1567 cui
814 1528 1021 1580 parcimus,
1044 1528 1131 1566 duri
1148 1528 1297 1567 fuimus

163 1582 205 1623 in
234 1582 452 1622 Dolabella.
494 1584 592 1622 Haec
611 1591 655 1622 ut
674 1583 726 1622 ita
746 1583 901 1622 sentiret
925 1591 1078 1622 senatus
1106 1583 1295 1635 populus-

163 1650 240 1689 que
259 1637 477 1686 Romanus,
499 1638 566 1677 etsi
588 1651 647 1677 res
666 1638 750 1690 ipsa
768 1640 941 1689 cogebat,
969 1646 1100 1676 tamen
1119 1637 1296 1676 maxima

162 1704 211 1730 ex
229 1698 339 1743 parte
356 1700 487 1731 nostro
505 1693 663 1731 consilio
691 1701 807 1745 atque
835 1693 1060 1732 auctoritate
1078 1692 1294 1744 perfectum

155 1753 223 1784 est·

213 1800 281 1838 Tu
300 1799 332 1838 si
350 1800 450 1840 hanc
468 1801 656 1841 rationem
675 1814 752 1841 non
771 1803 924 1854 probas,
938 1809 1047 1841 tuam
1062 1800 1291 1840 sententiam

159 1853 377 1903 defendam,
396 1868 476 1894 non
489 1857 705 1909 relinquam
724 1869 866 1895 meam.
895 1857 1038 1909 Neque
1057 1856 1289 1895 dissolutum

158 1922 182 1948 a
199 1916 237 1947 te
265 1909 481 1961 quidquam
499 1911 674 1950 homines
697 1919 934 1963 exspectant,
966 1924 1092 1963 neque
1121 1909 1288 1949 crudele.

156 1963 292 2013 Hujus
310 1965 365 2002 rei
382 1964 593 2004 moderatio
612 1965 733 2005 facilis
748 1973 817 2015 est,
830 1974 876 2004 ut
893 1966 934 2004 in
948 1966 1062 2004 duces
1077 1964 1287 2004 vehemens

148 2017 215 2066 sis,
236 2017 276 2056 in
295 2018 436 2057 milites
454 2020 632 2058 liberalis.

208 2071 434 2112 Ciceronem
452 2074 679 2124 meum,·mi
697 2076 837 2123 Brute,
858 2074 990 2119 velim,
1012 2086 1131 2126 quam
1160 2072 1287 2125 pluri-

149 2138 263 2165 mum
283 2135 412 2166 tecum
430 2128 583 2168 habeas.
626 2129 797 2168 Virtutis
820 2129 1064 2181 disciplinam
1082 2128 1285 2166 meliorem

149 2181 311 2232 reperiet
327 2183 494 2230 nullam,
521 2197 640 2235 quam
673 2184 1042 2236 contemplationem
1059 2191 1179 2237 atque
1196 2181 1289 2227 imi-

144 2235 326 2275 tationem
345 2237 416 2277 tui.
446 2237 566 2277 XIII
579 2238 741 2280 Calend.
770 2238 885 2278 Maii.
