1477 2365
214 72 266 109 20
406 69 490 109 AD
518 69 808 111 ATTICUM.
841 71 941 111 11113.
963 70 1040 110 IX.
1075 72 1139 110 lo.

216 178 439 230 scripseram
456 179 590 231 pridie.
621 179 709 228 Sed,
727 193 815 219 cum
829 193 895 218 me
912 179 1099 231 aegritudo
1117 191 1195 218 non
1213 180 1339 220 solum

215 245 352 271 somno
370 233 549 284 privaret,
570 247 704 272 verum
723 247 771 273 ne
789 234 948 285 vigilare
961 233 1120 285 quidem
1139 233 1221 272 sine
1234 247 1342 273 sum-

214 299 281 325 mo
305 286 435 325 dolore
466 295 673 339 pateretur,
704 296 832 327 tecum
862 295 907 326 ut
944 287 1054 339 quasi
1081 288 1257 338 loquerer
1282 287 1341 340 (in

218 353 296 393 quo
307 353 386 379 uno
398 342 625 393 acquiesco),
641 342 713 381 hoc
725 342 849 381 nescio
864 341 974 394 quid,
989 341 1098 379 nullo
1116 348 1345 393 argumento

217 395 425 447 proposito,
446 395 605 434 scribere
623 396 784 434 institui.

273 451 421 487 Amens
439 449 538 487 mihi
555 450 671 488 fuisse
690 450 818 488 videor
837 463 860 488 a
877 449 1089 502 principio,
1078 463 1088 473 ·
1119 456 1158 488 et
1174 462 1240 488 me
1264 461 1346 488 una

217 503 300 542 haec
318 515 376 541 res
395 510 561 554 torquet,
588 504 693 555 quod
711 516 803 551 non,
823 504 1004 543 omnibus
1022 504 1062 541 111
1081 505 1194 542 rebus
1211 504 1348 542 laben·

218 564 312 604 tem,
333 558 394 595 vel
411 557 538 608 potius
556 567 747 619 ruentem,
764 558 1011 610 Pompeium,
1028 566 1230 609 tamquam
1241 570 1346 597 unus

217 611 485 662 manipularis,
507 620 657 649 secutus
678 612 763 650 sim.
792 612 889 650 Vidi
901 613 1101 651 hominem
1119 612 1228 651 XIV
1258 610 1347 652 Cal.

218 665 333 703 Febr.
366 666 528 716 plenum
553 665 794 704 formidinis.
825 666 893 704 1110
921 666 1004 718 ipso
1023 666 1085 704 die
1108 665 1220 714 sensi,
1250 665 1348 718 quid

218 728 346 770 ageret
363 734 374 757 t
403 732 605 770 nunquam
619 720 718 758 mihi
735 727 867 771 postea
884 721 1030 771 placuit
1045 734 1057 765 ;
1087 732 1157 758 nec
1169 731 1347 771 unquam

219 773 327 811 aliud
351 774 392 811 in
419 774 493 811 alio
518 787 672 825 peecare
697 774 855 812 destitit.
894 774 1008 812 Nihil
1033 773 1188 812 interim
1213 773 1264 812 ad
1281 786 1348 812 me

220 827 406 873 scribere3
436 827 533 866 nihil
558 828 631 867 nisi
658 828 795 879 fugam
820 827 996 878 cogitare.
1037 827 1147 876 Quid
1171 827 1310 879 quaeris
1325 829 1345 867 ?
1414 852 1419 856 ·

221 882 321 920 sicut
353 898 384 918 εν
411 896 486 924 τοις
516 897 698 932 spumam
722 882 889 920 alienant
918 881 1146 930 immundae,
1175 881 1346 931 insulsae,

219 935 431 980 indecorae3
463 935 515 974 sic
536 948 600 973 me
624 935 728 974 illius
750 935 854 986 fugae
881 935 1201 986 negligentiaeque
1222 934 1349 974 defor-

221 989 336 1027 mitas
355 989 491 1027 avertit
510 991 558 1027 ab
573 1001 713 1027 amore.
744 989 858 1028 Nihil
875 989 978 1027 enim
993 989 1156 1040 dignum
1170 988 1346 1040 faciebat,

222 1056 341 1094 quare
373 1044 456 1092 ejus
485 1043 588 1094 fugae
617 1044 798 1081 comitem
827 1056 890 1081 me
919 1043 1184 1094 adjungerem.
1227 1043 1349 1083 Nunc

224 1096 385 1148 emergit
404 1109 511 1134 amor
527 1111 539 1142 ς
569 1109 672 1135 nunc
697 1097 928 1135 desiderium
952 1097 1050 1135 ferre
1067 1109 1146 1135 non
1162 1109 1346 1148 possum3

223 1163 327 1190 nunc
345 1151 442 1188 mihi
461 1151 559 1189 nihil
576 1151 679 1199 libri,
693 1151 791 1189 nihil
808 1151 942 1199 literae,
954 1150 1054 1189 1111111
1072 1150 1244 1190 doctrina
1260 1164 1350 1203 pro-

222 1205 332 1244 dest:
374 1205 429 1243 ita
450 1205 530 1243 dies
557 1212 594 1243 et
623 1212 765 1255 noctes,
793 1212 997 1258 tamquam
1025 1204 1106 1244 avis
1134 1205 1217 1255 illa,
1243 1218 1351 1245 mare

223 1266 447 1311 prospecto,
437 1273 446 1282 ·
479 1260 626 1298 evolare
645 1259 770 1311 cupio.

281 1313 360 1362 Do,
381 1313 430 1351 do
455 1327 584 1365 poenas
602 1313 825 1353 temeritatis
842 1327 965 1353 meae·
995 1313 1066 1353 etsi
1083 1326 1171 1365 quae
1187 1312 1264 1352 fuit
1280 1313 1350 1353 illa

225 1368 451 1406 temeritas?
482 1368 576 1419 quid
594 1368 667 1406 feci
685 1381 760 1407 non
781 1367 1144 1407 consideratissime.
1134 1370 1152 1395 9
1184 1367 1227 1406 Si
1245 1367 1351 1412 enim

226 1422 324 1460 1111111
342 1429 478 1473 praeter
503 1422 639 1474 fugam
664 1430 910 1475 quaereretur,
935 1422 1121 1474 fugissem
1144 1421 1354 1462 libentissi·

226 1489 318 1514 m:e
349 1475 414 1514 sed
437 1489 559 1527 genus
584 1477 675 1515 belli
703 1476 955 1516 crudelissimi
976 1483 1014 1515 et
1031 1475 1209 1524 maximi,
1229 1475 1350 1528 quod,

228 1530 402 1568 nondum
421 1530 551 1568 vident
570 1531 758 1593 homines,
778 1531 893 1593 quale
916 1530 1094 1569 futurum
1112 1529 1174 1578 sit,
1193 1530 1353 1582 perhor-

228 1584 302 1623 rui.
343 1583 444 1631 Quae
469 1585 586 1622 minae
614 1585 858 1637 municipiisg
889 1599 976 1637 quae
1004 1583 1236 1623 nominatim
1261 1584 1353 1624 viris

229 1638 367 1677 bonis!
411 1652 498 1690 quae
527 1639 693 1691 demque
725 1639 920 1687 omnibus,
954 1638 1022 1691 qui
1052 1638 1349 1677 remansissent!

230 1706 350 1743 quam
369 1695 498 1731 crebro
516 1693 628 1741 illud,
647 1696 675 1716 ‘⁶
691 1695 802 1733 Sulla
812 1694 963 1746 potuit;
984 1706 1055 1744 ego
1066 1705 1143 1731 non
1154 1700 1312 1744 potero.
1302 1693 1351 1721 '2’'

231 1746 338 1784 Mihi
366 1754 496 1785 autem
524 1747 718 1786 haeserunt
745 1748 836 1787 1118.
866 1748 968 1786 male
998 1746 1250 1799 Tarquinius,
1283 1746 1353 1800 qui

230 1801 455 1848 Porsenam,
469 1801 538 1853 qui
550 1802 758 1840 Octavium
770 1802 1012 1851 Mamilium,
1023 1808 1153 1840 contra
1162 1800 1349 1853 patriam·
1336 1829 1350 1849 ‚

230 1854 351 1906 impie
385 1853 575 1894 Coriolan
567 1869 627 1903 15,
659 1856 727 1908 qui
759 1856 950 1896 auxilium
978 1855 1090 1907 petiit
1116 1867 1140 1893 a
1171 1855 1351 1903 Volscis3

230 1917 331 1947 recte
350 1909 642 1958 Themistocles,
662 1910 731 1962 qui
748 1911 848 1950 mori
865 1910 1028 1949 maluit·
1016 1939 1029 1956 ‚
1058 1908 1226 1948 nefarius
1251 1909 1359 1962 Hip·

233 1963 330 2014 pias,
353 1963 540 2001 Pisistrati
559 1964 675 2011 filius,
697 1965 765 2016 qui
782 1965 824 2003 in
843 1963 1092 2003 Marathonia
1109 1963 1244 2015 pugn'ffa
1261 1965 1356 2002 ceci-

233 2016 303 2064 dit,
321 2030 428 2055 arma
446 2026 576 2056 contra
576 2018 751 2081 'patriam
762 2019 898 2058 ferens.
916 2018 977 2057 At
987 2018 1110 2065 Sulla,
1130 2024 1171 2055 at
1184 2016 1353 2066 Marius,

234 2078 273 2109 at
293 2070 432 2135 Cinna,
448 2078 560 2120 recte,
574 2073 694 2111 immo
713 2074 801 2122 jure
818 2072 998 2112 fortasse.
1029 2071 1096 2110 sed
1109 2069 1205 2124 quid
1222 2083 1354 2110 eorum

236 2124 391 2163 victoria
407 2125 627 2165 crudelius.
657 2127 751 2179 quid
767 2127 989 2166 funestius?

292 2179 424 2229 Hujus
442 2179 532 2218 belli
558 2193 678 2232 genus
698 2181 795 2234 fugi,
825 2189 862 2221 et
881 2195 924 2220 eo
941 2180 1077 2232 magis,
1099 2177 1203 2232 quod
1221 2178 1354 2218 crude-
