1498 2401
319 127 407 167 AD
436 127 861 169 ATTICUM.1111³;
891 126 1109 167 XVI-16.
1210 124 1292 163 263

154 249 256 288 saepe
292 236 479 287 cognitos,
510 237 834 289 suavitatemque,
865 250 946 289 qua
973 247 1093 274 nemo
1122 232 1195 272 tibi
1218 245 1292 285 par

154 299 224 340 est,
237 289 469 330 adhibueris.
490 290 611 340 Quod
629 300 675 330 ut
687 292 818 341 facias,
835 300 873 330 te
892 291 1136 329 vehementer
1155 287 1285 340 rogo.'-

420 401 449 422 ‘⁶
474 401 612 439 Cicero
644 402 690 439 C.
724 401 944 451 Cupiennio
975 401 1018 437 S.

209 510 238 532 “
258 509 417 548 Patrem
437 516 551 548 tuum
570 509 731 561 plurimi
749 509 849 554 feci,
839 523 848 532 ·
881 521 1021 560 meque
1040 508 1105 546 ille
1130 507 1290 546 mirifice

156 570 194 602 et
212 563 344 612 coluit,
374 571 412 602 et
429 564 599 603 amavit:
631 576 700 603 nec
721 564 974 611 (mehercule)
998 575 1174 613 unquam
1193 561 1292 600 mihi

155 617 321 656 dubium
339 618 429 666 fuit,
453 618 551 670 quin
569 632 593 657 a
611 626 648 657 te
667 619 858 670 diligerer.
874 618 976 669 Ego
994 617 1155 669 quidem
1174 616 1215 654 id
1233 616 1294 654 fa·

156 685 241 711 cere
262 685 342 711 non
359 672 499 711 destitL
531 672 799 721 Quamobrem
817 680 907 724 peto
926 686 950 710 a
974 679 1012 710 oe
1039 671 1080 710 in
1104 671 1293 719 majorem

156 726 334 775 modum,
368 735 413 765 ut
438 727 633 766 civitatem
658 727 909 766 Buthrotiam
929 727 1129 770 sublev;es
1160 725 1292 763 decre-

156 788 321 833 tumque
347 781 565 830 consulum,
587 782 721 834 quod
710 782 739 820 11
759 795 829 821 sec
820 781 972 820 undum
993 754 1222 819 Buthrotios
1239 778 1296 817 fe-

157 843 291 874 cerunt
317 837 442 888 (cum,
473 843 510 874 et
528 837 614 888 lege
643 844 681 875 et
710 839 877 876 senatus·
881 836 1070 882 consulto,
1099 833 1292 873 statuendi

159 897 387 952 potestatem
406 891 624 939 haberent),
637 890 704 929 des
722 903 893 942 operam,
916 898 961 928 ut
980 889 1150 928 Plancus
1168 898 1296 926 noster

159 957 278 995 quam
298 945 472 996 primum
497 945 698 984 confirmet
716 954 754 984 51
772 946 1007 996 comprobet.
1043 942 1140 982 Hoc
1165 950 1203 980 te
1230 955 1297 980 ve-

158 998 372 1048 hementer,
387 999 444 1038 mi
464 998 676 1053 Cupienni,
696 999 814 1040 etiam
834 1007 951 1051 atque
972 997 1089 1036 etiam
1107 996 1243 1049 rogo.”

352 1109 380 1130 “
405 1109 542 1148 Cicero
571 1110 737 1158 Planw,
767 1110 898 1148 Praet.
928 1109 1025 1147 Des.
1054 1108 1101 1147 S.

215 1218 244 1240 “
265 1217 428 1269 Ignosce
441 1217 553 1267 mihi,
573 1217 693 1270 quod,
709 1231 800 1258 cum
819 1225 932 1257 antea
946 1215 1233 1256 accuratissime
1246 1215 1295 1255 de

161 1271 379 1311 Buthrotiis
394 1272 445 1310 ad
463 1279 501 1311 te
514 1273 744 1325 scripserim,
765 1272 901 1311 eadem
921 1272 968 1310 de
987 1284 1027 1309 re
1046 1271 1188 1322 saepius
1206 1269 1298 1309 scri·

160 1327 264 1364 bam.
294 1327 390 1365 Non
404 1327 673 1376 (mehercule),
686 1327 744 1365 mi
757 1327 914 1374 Plance,
929 1325 1042 1374 facio,
1056 1338 1134 1377 quo
1153 1338 1294 1387 parum

161 1380 354 1419 confidam
383 1388 451 1420 aut
479 1381 701 1420 liberalitati
728 1390 820 1429 tuae,
841 1389 910 1427 aut
927 1388 1066 1419 nostrae
1085 1379 1292 1418 amicitiae·
1279 1408 1292 1426 ‚

162 1434 354 1483 sed,cu1n
374 1443 481 1474 tanta
505 1449 564 1474 res
591 1443 727 1487 agatur
754 1436 879 1475 Attici
906 1434 1038 1481 nostri,
1071 1446 1175 1472 nunc
1208 1446 1298 1472 vero

162 1488 280 1527 etiam
299 1489 545 1539 existimatio,
562 1498 605 1528 ut
624 1490 679 1537 id,
696 1490 802 1543 quod
820 1489 997 1543 probavit
1012 1488 1155 1536 Caesar,
1170 1487 1298 1531 (nobis

162 1543 324 1582 testibus
344 1552 382 1583 et
393 1518 714 1596 obsignatoribtis,
735 1545 804 1597 qui
824 1553 862 1584 et
880 1543 1039 1583 decretis
1055 1550 1091 1581 et
1106 1542 1296 1594 responsis

164 1597 326 1636 casaris
359 1598 676 1647 interfueramus)
702 1599 877 1638 videatur
913 1598 1084 1637 obtinere
1113 1596 1297 1649 potuisse,

164 1652 378 1702 praesertim
397 1666 487 1691 cum
506 1660 587 1692 tota
614 1661 782 1705 potestas
807 1656 891 1705 ejus
919 1652 973 1691 rei
999 1660 1068 1690 tua
1086 1651 1148 1700 sit,
1168 1658 1213 1689 ut
1238 1664 1297 1698 ea,

165 1718 254 1757 quae
272 1707 446 1746 consules
465 1707 715 1747 decreverunt
733 1708 946 1747 secundum
968 1705 1130 1746 Caesaris
1151 1705 1302 1744 decreta

167 1768 205 1798 et
222 1773 417 1812 responsa,
437 1775 517 1801 non
542 1762 670 1801 dicam
698 1764 938 1815 comprobes,
968 1760 1034 1800 sed
1067 1759 1234 1798 studiose
1253 1759 1301 1797 li-

164 1815 376 1867 benterque
400 1818 637 1878 comprobes
682 1817 732 1856 Id
761 1817 860 1856 mihi
885 1817 938 1856 sic
963 1815 1035 1854 erit
1062 1822 1233 1866 gratum,
1254 1821 1300 1852 ut

166 1869 276 1907 nulla
293 1883 354 1908 res
371 1870 514 1932 gratior
530 1883 610 1910 esse
626 1871 757 1923 possit.

221 1925 249 1945 ‘⁶
265 1923 383 1962 Etsi
368 1937 451 1974 Jam
470 1927 687 1977 sperabam,
707 1938 798 1964 cum
821 1925 892 1963 has
920 1923 1050 1963 literas
1069 1921 1290 1974 accepisses,

166 1976 261 2025 fore,
281 1987 326 2016 ut
346 1991 404 2028 ea,
425 1992 512 2031 quae
531 1979 791 2032 superioribus
809 1978 928 2018 literis
947 1992 970 2017 a
988 1987 1025 2018 te
1043 1977 1299 2030 petiissemus‚

167 2032 372 2084 impetrata
391 2041 540 2080 aesent3
570 2042 700 2073 tamen
719 2046 798 2073 non
825 2033 965 2072 faciam
985 2033 1104 2071 finem
1123 2030 1300 2082 rogandi,

167 2087 296 2138 quoad
310 2087 420 2126 nobis
434 2088 659 2127 nuntiatum
671 2088 756 2135 5111,
770 2096 808 2127 15
821 2089 862 2126 id
880 2087 1040 2133 fecisse3
1071 2062 1190 2138 quode
1190 2097 1301 2136 mag-

165 2139 215 2179 na
235 2154 326 2180 cum
345 2154 414 2194 spe
433 2150 713 2194 exspectamus.
741 2141 896 2182 Deinde
908 2142 1012 2181 enim
1033 2139 1184 2180 confido
1202 2138 1299 2185 fore,

167 2202 212 2233 ut
228 2196 314 2234 *alio
342 2208 482 2247 genere
513 2196 713 2236 literarum
744 2204 929 2242 utamur;
960 2196 1122 2247 tibique,
1143 2206 1213 2245 pro
1231 2200 1302 2231 tuo

171 2261 328 2289 summo
346 2251 545 2300 beneficio,
566 2251 707 2303 gratias
728 2265 901 2303 agamus.
933 2250 1051 2299 Quod
1068 2249 1099 2287 si
1114 2247 1304 2292 acciderit,
