1498 2401
277 112 356 151 AD
384 110 672 151 ATTICUM.
702 111 802 150 Lm.
824 111 918 150 XV.
953 112 1014 150 ll.
1130 109 1209 148 219

305 219 421 273 (11.)
450 220 665 260 CICERO
693 218 915 259 ATTICO
944 219 984 258 S.

142 326 308 366 Antium
327 328 415 367 veni
434 335 523 367 ante
548 328 613 367 VI
640 327 846 368 Calendas.
871 328 996 366 Bruto
1019 326 1217 377 jucundus

86 387 216 420 noster
245 381 443 422 adventus.
487 382 655 431 Deinde,
675 383 809 421 multis
842 381 1101 431 audientibus,
1130 382 1219 420 Ser-

88 435 192 484 vilia,
213 435 404 485 Tertulla,
427 437 576 484 Porcia,
597 450 781 488 quaerere,
802 436 897 488 quid
916 436 1094 487 placeret.
1127 435 1213 473 Ad-

90 497 172 528 erat
189 490 306 529 etiam
333 491 539 530 Favonius.
568 492 659 542 Ego
681 491 805 543 (quod
824 503 928 528 eram
953 489 1190 528 meditatus
1179 501 1221 527 111

87 543 170 594 via)
187 544 358 593 suadere,
375 553 419 584 ut
430 553 601 583 uteretur
614 545 785 583 Asiatica
797 544 990 583 curatione
1001 544 1216 589 frumenti3

87 598 186 636 nihil
206 612 286 637 esse
302 600 385 649 jam
399 599 552 651 reliqui,
574 600 680 661 quod
695 612 908 650 ageremus,
923 598 998 636 nisi
1017 596 1111 646 ut[s
1096 599 1175 635 calv
1177 611 1219 635 05

88 665 191 691 0550;
198 654 216 705 ]
246 653 287 690 111
314 666 358 692 00
381 654 498 692 etiam
528 653 602 705 ipsi
631 654 851 705 reipublicae
877 665 955 691 esse
979 652 1216 703 praesidium.

90 706 225 754 Quam
244 707 456 746 orationem
478 721 567 746 cum
592 707 792 769 ingressus
807 719 941 756 essem,
970 706 1125 745 Cassius
1157 706 1218 744 in-

87 761 261 799 tervenit.
289 761 378 813 Ego
397 762 531 801 eadem
549 762 617 801 illa
635 762 807 814 repetivi.

140 815 229 854 Hoc
253 816 351 864 loco,
371 816 533 854 fortibus
558 829 648 855 sane
673 817 807 864 0011115,
829 815 985 855 Cassius
1016 815 1208 859 (Martem

87 869 231 921 spirare
260 869 424 920 diceres)
448 883 487 909 se
511 871 552 908 in
575 870 746 910 Siciliam
771 883 849 909 non
874 870 1034 908 iturum.
1078 869 1217 920 Egone

87 931 132 961 ut
160 924 390 962 beneficium
416 925 602 975 accepisse
628 925 670 962 in
699 922 960 963 contumelia?
991 923 1100 972 Quid
1127 936 1216 974 ergo

86 977 170 1029 agis
187 980 205 1016 ?
233 978 395 1030 inquam
412 993 423 1017 ε
453 986 493 1016 at
506 979 586 1025 ille,
602 978 642 1016 in
655 979 845 1017 Achaiam
860 991 900 1017 se
918 978 1078 1016 iturum.
1107 976 1218 1025 Quid

87 1039 146 1079 tu,
167 1032 343 1084 inquam,
363 1033 514 1072 Brute
505 1035 522 1061 9
553 1033 739 1094 Romam,
754 1032 896 1084 inquit,
913 1032 945 1071 si
963 1032 1034 1070 tibi
1052 1031 1216 1070 videtur.

87 1085 195 1125 Mihi
221 1099 309 1125 vero
334 1087 521 1125 minime·
554 1094 638 1125 tuto
665 1087 769 1125 enim
793 1099 872 1125 non
899 1086 982 1124 eris.
1012 1085 1156 1133 Quid?
1186 1085 1218 1123 si

86 1152 235 1192 possem
258 1146 350 1190 es'se,
378 1141 629 1193 placeretne?
660 1141 794 1193 Atque
822 1147 867 1179 ut
892 1140 1065 1202 omnino,
1090 1151 1216 1191 neque

86 1206 205 1242 nunc,
236 1207 363 1247 neque
391 1208 439 1234 ex
466 1196 648 1247 praetura,
677 1196 718 1233 in
748 1195 986 1247 provinciam
1017 1193 1121 1233 ires?
1151 1192 1217 1232 sed

87 1256 220 1287 auctor
239 1262 317 1288 non
337 1262 439 1298 sum,
460 1258 504 1288 ut
525 1257 561 1288 te
579 1249 681 1288 Urbi
699 1249 930 1288 committas.

142 1302 332 1343 Dicebam
351 1317 409 1350 ea,
424 1317 511 1355 quae
530 1304 600 1342 tibi
613 1303 833 1355 profectoin
849 1310 1019 1342 mentem
1039 1303 1213 1349 veniunt,

86 1369 156 1396 0111·
173 1370 252 1396 11011
271 1365 367 1397 esset
385 1366 469 1396 tuto
482 1358 649 1397 futurus.
681 1358 813 1396 Multo
830 1357 919 1396 inde
933 1370 1107 1396 sermone
1121 1370 1216 1409 quem

88 1413 285 1460 rebantur,
306 1420 422 1464 atque
439 1412 481 1451 id
500 1412 659 1464 quidem
679 1412 832 1451 Cassius
852 1411 1037 1459 maxime,
1058 1412 1215 1450 amissas

86 1466 326 1513 occasiones3
361 1467 645 1518 Decimumque
676 1467 842 1518 graviter
878 1467 1092 1505 accusabat.
1127 1465 1216 1517 Ego

88 1522 278 1572 negabam
323 1529 496 1573 oportere
532 1521 748 1572 praeterita:
796 1521 1028 1560 assentiebar
1069 1528 1213 1558 tamen.

90 1574 272 1627 Cumque
304 1575 496 1627 ingressus
530 1589 650 1614 essem
677 1575 814 1624 dicere,
845 1575 940 1627 quid
970 1574 1214 1626 oportuisset,

90 1630 178 1673 (nec
197 1642 286 1668 vero
305 1629 520 1682 quidquam
539 1630 643 1678 novi,
664 1630 730 1669 sed
750 1642 808 1676 ea,
829 1643 917 1681 quae
936 1628 1106 1681 quotidie
1126 1641 1210 1667 om-

89 1689 174 1728 nes)
193 1695 262 1722 nec
280 1690 411 1722 tamen
429 1684 542 1722 illum
560 1685 692 1722 locum
711 1684 953 1735 attingerem,
975 1695 1214 1734 quemquam

87 1744 270 1788 praeterea
296 1738 506 1789 oportuisse
534 1738 667 1789 tangi;
697 1737 763 1776 sed
781 1745 957 1776 senatum
985 1736 1124 1784 vocari,
1145 1750 1216 1788 po-

87 1791 228 1842 pulum
247 1790 444 1830 ardentem
470 1793 596 1830 studio
614 1792 878 1831 vehementius
905 1791 1070 1839 incitari,
1091 1798 1214 1829 totam

88 1845 280 1897 suscipere
306 1855 389 1884 rem
407 1846 631 1898 publicam3
670 1846 861 1885 exclamat
885 1853 955 1884 tua
988 1844 1212 1884 familiaris.
1202 1860 1212 1868 ·

91 1902 120 1922 “
141 1899 230 1938 Hoc
266 1911 355 1939 vero
391 1901 587 1941 neminem
626 1912 800 1952 unquam
836 1899 1007 1939 audivi'’
1036 1899 1125 1950 Ego
1157 1912 1218 1938 re-

86 1954 232 2015 pressi:
278 1953 344 1992 sed
376 1961 413 1993 et
441 1951 596 1994 Cassius
619 1955 719 1993 mihi
747 1954 947 1993 videbatur
979 1954 1103 1992 iturus
1135 1954 1216 2004 (et-

86 2008 190 2045 enim
211 2008 372 2047 Servilia
388 2009 639 2060 pollicebatur
661 2022 701 2047 se
721 2017 954 2056 curaturam,
974 2015 1019 2046 ut
1036 2005 1105 2046 iIla
1133 2007 1216 2045 fru-

85 2062 208 2100 menti
222 2062 366 2101 curatio
378 2063 425 2101 de
437 2063 778 2102 senatus-consulto
790 2063 1027 2111 tolleretur),
1017 2076 1027 2085 ·
1045 2070 1081 2100 et
1088 2071 1216 2100 noster

88 2116 164 2155 cito
189 2116 358 2166 dejectus
381 2125 437 2155 est
463 2118 511 2156 de
538 2118 605 2156 illo
632 2117 738 2155 inani
765 2129 959 2156 sermone.
994 2116 1092 2155 velle
1110 2115 1214 2154 enim

91 2182 132 2209 se
150 2170 310 2209 dixerat.
339 2170 548 2210 Constituit
564 2171 696 2223 igitur,
716 2178 762 2209 ut
778 2172 877 2219 ludi,
898 2173 1053 2209 absente
1072 2182 1126 2216 se,
1149 2169 1216 2208 fie-

89 2232 175 2264 rent
204 2237 274 2265 suo
303 2225 471 2265 nomine.
501 2225 696 2266 Proficisci
723 2232 854 2266 autem
883 2225 981 2264 mihi
1007 2224 1049 2263 in
1079 2223 1215 2264 Asiam
