1513 2370
170 41 248 82 134
359 43 441 82 AD
472 43 762 86 ATTICUM.
791 44 893 84 1118.
913 42 1018 84 XII.
1049 45 1116 89 47.

168 150 280 200 mihi,
302 151 419 191 etiam
433 152 465 192 si
478 153 578 193 nihil
596 154 681 201 erit,
705 154 811 207 quod
829 153 971 194 scribas
999 152 1127 206 (quod
1147 153 1229 194 fore
1247 153 1304 192 ita

166 205 309 255 video),
327 214 458 246 tamen
477 207 518 246 id
536 208 666 261 ipsum
685 210 840 258 scribas,
856 208 988 257 velim,
1003 215 1042 246 te
1061 207 1160 247 nihil
1178 209 1305 248 habu·

167 259 256 307 isse,
276 261 382 314 quod
397 262 591 314 scriberes,
611 264 708 303 dum
719 264 836 304 modo
848 276 897 304 ne
915 263 976 302 his
994 262 1132 301 verbis.
1291 311 1300 320 ·

224 314 288 354 De
315 317 461 365 Attica„
492 318 650 370 optime.
692 318 826 363 Ακηδια
857 326 926 358 tua
952 330 1017 356 me
1045 321 1200 355 movet:
1231 319 1304 352 etsi

165 369 298 409 scribis
316 371 415 410 nihil
433 385 523 411 esse.
565 373 614 412 In
633 374 858 413 Tusculano
881 385 926 412 eo
951 371 1194 411 commodius
1220 380 1300 416 ero,

166 425 274 477 quod
302 432 341 464 et
369 427 537 466 crebrius
564 436 650 468 tuas
675 429 803 468 literas
825 428 1026 480 accipiam,
1054 433 1092 465 et
1110 423 1299 476 teipsum

165 491 450 532 nonnunquam
489 482 638 523 videbo.
687 484 795 522 Nam
832 481 1038 535 caeteroqui
1079 492 1301 528 ανεκτοτερα

166 542 275 573 erant
295 536 477 574 Asturae:
508 549 579 577 nec
597 539 693 587 haec,
721 552 810 591 quae
834 537 1028 585 refricant,
1048 536 1114 575 hic
1132 546 1197 573 me
1214 545 1300 571 ma·

165 589 226 640 gis
244 597 419 642 angunt:
450 591 521 630 etsi
546 600 692 641 tamen,
719 593 957 645 ubicumque
985 604 1090 640 sum,
1113 589 1183 628 ina
1211 594 1303 627 sunt

166 656 334 683 mecum.

220 697 285 738 De
303 699 455 740 Caesare
473 701 598 741 vicino
618 703 842 755 scripseram
856 701 906 741 ad
917 709 969 750 te,
985 700 1080 753 quia
1091 699 1302 751 cognoram

166 766 216 792 ex
234 753 311 792 tuis
322 754 454 794 literis.
484 755 593 795 Eum
611 772 749 794 συνναω
763 756 930 804 Quirino
949 755 1067 803 malo,
1088 766 1210 806 quam
1229 752 1301 791 Sa-

166 809 253 847 luti.
296 808 364 847 Tu
395 823 483 849 vero
509 811 697 863 pervulga
730 810 932 849 Hirtium:
963 810 1005 848 id
1037 809 1141 848 enim
1172 808 1302 860 ipsum

167 863 362 915 putaram,
377 865 483 916 quod
503 865 648 915 scribis,
670 873 728 912 ut,
750 878 841 904 cum
859 865 1062 917 ingenium
1081 862 1196 903 amici
1213 874 1296 901 nos·

165 917 215 956 tri
234 919 473 969 probaretur,
494 919 600 958 ὑποθε
608 935 641 957 σι
648 936 664 963 ς
682 919 930 972 vituperandi
949 917 1109 959 Catonis
1125 916 1301 957 irridere-

388 1132 502 1186 (46.)
533 1135 746 1175 CICERO
775 1134 991 1178 A'rnco
1020 1136 1061 1176 s.

221 1241 391 1282 Vincam
413 1243 584 1296 (opinor)
605 1246 796 1294 animum,
818 1255 856 1286 et
881 1245 1060 1286 Lanuvio
1077 1257 1237 1298 pergam
1256 1244 1299 1284 in

169 1297 454 1337 Tusculanum.
494 1300 582 1338 Aut
606 1300 710 1339 enim
729 1301 828 1340 mihi
855 1302 896 1340 in
914 1309 1146 1354 perpetuum
1176 1299 1301 1339 fundo

166 1351 235 1390 illo
249 1353 459 1392 carendum
477 1362 533 1393 est
553 1358 662 1398 (nam
681 1355 791 1395 dolor
814 1356 919 1395 idem
936 1355 1123 1403 manebit,
1143 1362 1297 1394 tantum

165 1406 438 1457 mediocrius);
470 1416 537 1447 aut
566 1411 694 1449 nescio
723 1411 819 1463 quid
850 1411 1013 1457 intersit,
1040 1418 1174 1449 utrum
1203 1409 1298 1449 illuc

165 1473 271 1500 nunc
296 1463 463 1511 veniam,
485 1476 535 1502 an
557 1464 607 1502 ad
625 1464 756 1504 decem
777 1478 908 1505 annos.
940 1466 1080 1518 Neque
1099 1465 1203 1504 enim
1225 1463 1298 1503 ista

165 1516 290 1566 major
318 1517 544 1564 admonitio,
572 1532 692 1571 quam
718 1520 861 1572 quibus
878 1520 1029 1560 assidue
1046 1519 1240 1567 conficior,
1260 1526 1300 1557 et

164 1570 245 1608 <lies
265 1578 303 1609 et
320 1580 461 1611 noctes.
491 1572 601 1621 Quid
615 1577 733 1626 ergo?
752 1575 927 1628 inquies:
958 1574 1057 1614 nihil
1066 1575 1187 1614 literae
1199 1575 1218 1613 ἓ
1248 1573 1298 1613 In

164 1625 238 1664 hac
256 1625 415 1677 quidem
436 1641 490 1676 re,
511 1641 642 1667 vereor
666 1641 715 1668 ne
739 1630 856 1668 etiam
875 1638 1030 1669 contra:
1061 1641 1153 1668 nam
1176 1640 1297 1668 essem

165 1679 325 1719 fortasse
344 1681 499 1721 duriorx
533 1681 727 1737 [exculto]
748 1684 853 1724 enim
868 1685 999 1724 animo
1017 1684 1117 1723 nihil
1134 1691 1298 1737 agreste,

165 1734 263 1774 nihil
282 1734 543 1776 inhumanum
562 1746 632 1777 est.

397 1898 518 1952 (47.)
549 1899 763 1942 menno
787 1901 1001 1944 Arnco
1031 1904 1073 1944 s.

222 2007 290 2046 Tu
315 2007 448 2060 igitur,
477 2017 521 2049 ut
546 2011 754 2064 scripsisti;
784 2025 854 2052 nec
881 2012 922 2052 id
943 2011 1190 2053 incommodo
1217 2018 1299 2051 tuo.

166 2061 244 2101 vel
265 2062 366 2102 binae
383 2064 488 2104 enim
513 2074 694 2118 poterunt
715 2066 859 2107 literae:
892 2081 1090 2108 occurram
1115 2067 1247 2116 etiam,
1267 2067 1299 2105 si

165 2128 317 2158 neeesse
343 2119 428 2160 erit.
456 2119 565 2172 Ergo
593 2120 634 2160 id
652 2120 827 2173 quidem,
846 2133 892 2162 ut
912 2123 1068 2176 poteris.
1104 2121 1170 2162 De
1198 2121 1296 2163 Mu-
