1477 2365
201 95 252 133 32
388 90 470 133 AD
497 88 785 130 ATTICUM.
816 88 915 129 Lm.
938 87 1015 127 lx.
1048 90 1115 127 15.

426 197 542 248 (15.)
582 197 793 238 CICERO
821 196 1042 237 ATTICO
1071 197 1113 236 S.

267 308 371 348 Cum
400 306 586 345 dedissem
616 306 664 344 ad
695 315 732 344 te
759 305 901 353 literas,
932 312 977 343 ut
1003 304 1116 344 scires
1140 304 1331 344 Caesarem

212 363 298 414 Cap
301 376 359 400 uae
377 361 466 399 VII
492 360 651 399 Calend
680 360 774 406 fore,
804 360 930 397 allatae
956 358 1055 397 mihi
1081 365 1172 397 sunt
1197 358 1332 406 literae,

214 429 304 455 eum
336 416 378 453 in
406 415 563 453 Albano
599 414 705 466 apud
741 413 950 452 Curionem
979 412 1020 450 V
1045 412 1204 451 Calend.
1240 412 1332 451 fore.

214 471 322 509 Eum
352 481 440 508 cum
466 468 608 513 videro,
629 468 827 518 Arpinum
861 479 1033 518 pergam.
1070 466 1113 505 Si
1145 465 1244 504 mihi
1269 479 1336 505 ve-

216 524 335 569 niam,
356 535 474 574 quam
492 530 595 573 peto,
624 521 782 567 dederit,
801 528 888 558 utar
907 519 1148 560 conditione:
1175 519 1237 560 sin
1260 519 1338 558 mi-

216 590 304 622 nus,
324 577 535 627 impetrabo
554 575 700 636 aliquid
720 589 742 613 a
761 588 824 613 me
841 574 937 626 ipso.

273 631 347 669 Ille
373 632 435 678 (ut
462 630 512 667 ad
535 642 598 667 me
623 629 785 680 scripsit)
815 629 982 679 legiones
1011 627 1181 679 singulas
1209 627 1338 679 posuit

222 683 437 730 Brundisii,
460 683 634 731 Tarenti,
655 682 816 734 Siponti.
854 682 1040 721 Claudere
1064 681 1163 720 mihi
1186 681 1336 720 videtur

218 738 431 777 maritimos
451 738 601 776 exitus:
633 744 670 775 et
686 744 817 775 tamen
843 737 925 788 ipse
952 736 1141 775 Graeciam
1171 742 1339 787 spectare

222 791 362 842 potius,
383 803 501 842 quam
531 790 751 842 Hispanias.
789 790 865 828 Sed
891 791 975 829 haec
998 789 1152 841 longius
1181 791 1333 827 absunt

221 846 292 883 Me
310 857 412 883 nunc
427 852 464 882 et
478 857 697 894 congressus
710 844 828 893 hujus
841 843 1013 882 stimulat
1032 843 1080 886 (is
1092 855 1180 882 vero
1197 842 1336 891 adest),

222 907 260 937 et
282 899 426 949 primas
453 899 535 947 ejus
566 898 729 935 actiones
759 898 904 935 horreo
932 898 1048 935 Volet
1072 897 1190 944 enim,
1210 895 1335 943 eredo,

221 953 260 991 S.
282 952 328 991 C.
359 952 480 989 facere
501 966 511 989 ε
542 951 643 989 volet
666 963 859 1001 augurum
889 950 1084 990 decretum
1097 965 1109 988 z
1147 950 1342 1001 rapiemur

225 1008 311 1057 (aut
342 1007 514 1043 absentes
533 1004 789 1051 vexabimur),
809 1003 914 1042 velut
931 1004 1103 1042 consules
1120 1011 1228 1055 roget
1244 1017 1344 1056 prae-

219 1068 293 1106 tor,
314 1059 374 1097 vel
398 1058 619 1096 dictatorem
645 1057 770 1095 dicat:
803 1070 969 1109 quorum
987 1064 1170 1096 neutrum
1191 1058 1256 1106 jus
1274 1066 1344 1096 est.

222 1113 312 1158 Sed,
333 1113 365 1150 si
381 1113 489 1151 Sulla
513 1111 639 1162 potuit
662 1111 819 1158 efficere,
839 1113 888 1149 ab
913 1111 1101 1161 interrege
1118 1118 1164 1149 ut
1181 1111 1341 1150 dictator

222 1167 423 1213 diceretur,
439 1179 506 1205 cur
519 1166 582 1204 hic
600 1177 678 1203 non
695 1165 813 1216 possit
826 1167 844 1204 Ρ
878 1165 919 1203 N
921 1165 992 1203 ihil
1010 1165 1184 1216 expedio,
1204 1165 1280 1203 nisi
1297 1172 1343 1204 ut

222 1228 290 1258 aut
308 1222 356 1258 ab
375 1220 460 1266 hoc,
481 1227 681 1271 tamquam
699 1219 752 1267 Q.
778 1219 950 1267 Mucius,
977 1226 1046 1258 aut
1073 1220 1122 1257 ab
1139 1219 1220 1268 illo,
1241 1226 1343 1258 tam-

219 1287 343 1326 quam
363 1274 411 1311 L.
429 1273 567 1324 Scipio.

277 1328 380 1366 Cum
409 1335 453 1365 tu
481 1327 563 1365 haec
581 1327 697 1378 leges,
719 1340 788 1378 ego
812 1327 925 1365 illum
943 1326 1101 1365 fortasse
1118 1338 1339 1366 convenere.

222 1388 359 1427 Τετλα,
373 1396 532 1431 κυντερον
550 1395 559 1418 :
590 1394 638 1419 ne
656 1381 755 1419 illud
773 1381 930 1432 quidem
942 1387 1116 1419 nostrum
1128 1381 1340 1432 proprium.

225 1436 322 1474 Erat
341 1435 443 1472 enim
476 1447 561 1485 spes
593 1435 800 1486 propinqui
825 1435 991 1480 reditus3
1029 1442 1110 1474 erat
1137 1435 1342 1474 hominum

222 1488 390 1541 querela.
436 1488 555 1527 Nune
591 1489 694 1527 exire
726 1489 931 1540 cupimus;
975 1487 1052 1540 qua
1088 1502 1154 1541 spe
1185 1489 1341 1539 reditus,

223 1543 322 1582 mihi
340 1542 496 1594 quidem
526 1555 726 1594 nunquam
743 1543 785 1581 in
807 1550 978 1581 mentem
1002 1543 1117 1581 venit.
1148 1543 1241 1581 Non
1258 1556 1344 1582 mo-

221 1596 274 1635 do
291 1605 421 1635 autem
439 1596 547 1635 nulla
565 1597 719 1648 querela
737 1604 794 1635 est
810 1596 1104 1648 municipalium
1122 1597 1342 1646 hominum,

225 1664 270 1689 ac
301 1651 553 1696 rusticorum3
585 1651 649 1689 sed
679 1658 809 1690 contra
836 1658 1030 1700 metuunt,
1059 1658 1105 1689 ut
1133 1650 1341 1700 crudelem,

224 1704 379 1742 iratum.
424 1705 463 1742 N
467 1717 506 1742 ec
535 1713 662 1743 tamen
692 1705 790 1742 mihi
819 1705 1033 1757 quidquam
1063 1712 1119 1743 est
1148 1704 1341 1754 miserius,

226 1771 344 1809 quam
363 1758 612 1804 remansisse3
642 1771 711 1797 nec
736 1759 915 1810 optatius,
936 1771 1055 1810 quam
1084 1759 1246 1809 evolare,
1266 1771 1344 1798 non

225 1818 306 1849 tam
321 1811 370 1849 ad
387 1812 492 1859 belli,
513 1825 631 1864 quam
650 1812 699 1850 ad
716 1813 833 1864 fugae,
850 1813 1078 1851 societatem.

281 1865 357 1904 Sed
389 1873 431 1903 tu
464 1866 593 1904 omnia
625 1867 779 1905 consilia
808 1866 1007 1905 differebas
1029 1867 1070 1904 in
1102 1866 1144 1905 id
1175 1874 1342 1918 tempus,

226 1931 318 1957 cum
348 1919 545 1967 sciremus,
573 1934 660 1971 quae
693 1920 893 1959 Brundisii
917 1928 1000 1959 acta
1025 1928 1159 1959 oesent.
1194 1921 1345 1960 Scimus

227 1984 392 2026 nempe:
432 1973 621 2012 haeremus
652 1974 773 2016 nihilo
804 1975 945 2013 minus.
992 1975 1074 2013 Vix
1106 1975 1209 2013 enim
1235 1987 1346 2026 spero

227 2023 324 2064 mihi
342 2027 445 2065 hunc
463 2027 613 2065 veniam
640 2027 850 2073 daturum3
880 2028 947 2067 etsi
967 2029 1091 2067 multa
1108 2028 1224 2067 affero
1238 2030 1344 2078 justa

226 2079 276 2117 ad
293 2079 590 2132 impetrandum.
631 2081 705 2120 Sed
732 2081 800 2120 tibi
826 2094 979 2120 omnem
1005 2082 1109 2121 illius
1134 2095 1343 2143 meumque

227 2146 453 2179 sermonem,
483 2134 662 2172 omnibus
682 2135 806 2173 verbis
829 2149 1064 2195 expressum,
1094 2136 1221 2175 statim
1251 2136 1341 2174 mit-

224 2195 315 2225 tam.
348 2188 411 2226 Tu
433 2199 533 2226 nunc
554 2189 658 2226 omni
680 2201 808 2228 amore
836 2190 987 2240 enitere,
1010 2198 1052 2228 111
1076 2203 1144 2229 nos
1162 2203 1252 2229 cura
1273 2190 1339 2228 tuit

1457 2006 1467 2107 -a-—v—2
1462 1886 1468 1971 -.ms
1462 1838 1472 1874 ,-,
