1513 2370
401 81 486 120 AD
513 80 806 122 ATTICUM.
837 81 938 120 Lm.
958 80 1061 120 XII.
1091 82 1156 118 45.
1270 79 1348 118 133

440 190 557 241 (44.)
586 190 797 230 CICERO
827 189 1040 230 ATTICO
1069 191 1109 230 S.

277 299 333 339 Et
347 298 524 338 Hirtium
540 300 690 352 ah'quid
700 301 750 340 ad
761 310 799 339 te
814 299 1013 349 συμπαθως
1021 299 1068 337 de
1078 312 1142 337 me
1156 298 1349 351 scripsisse

222 354 334 394 facile
351 353 475 406 patior
494 354 600 398 (fecit
618 356 722 394 enim
740 351 929 402 humane)
946 368 958 399 ς
990 361 1027 392 et
1046 361 1083 392 te
1102 354 1184 403 ejus
1210 354 1350 405 episto-

221 410 300 448 lam
314 409 363 447 ad
377 422 441 447 me
454 421 532 447 non
546 409 707 458 misisse,
720 411 846 448 multo
864 408 1016 447 facilius
1033 423 1043 446 z
1059 415 1101 446 tu
1116 409 1219 446 enim
1231 408 1348 446 etiam

221 464 443 503 humanius.
474 463 587 502 Illius
604 464 764 511 librum,
785 476 902 516 quem
931 463 980 500 ad
994 475 1058 501 me
1076 462 1181 500 misit
1206 463 1254 500 de
1274 462 1351 501 Ca-

221 525 325 567 tone,
345 525 546 570 propterea
564 519 650 558 volo
673 519 864 570 divulgari
883 531 906 556 a
924 518 1014 564 tuis,
1036 524 1094 565 ut,
1123 530 1171 555 ex
1189 517 1352 556 istorum

221 573 515 625 vituperatione,
532 573 580 611 sit
593 573 698 612 illius
709 576 835 624 major
851 572 1034 612 laudatio.

278 626 399 675 Quod
417 641 486 680 per
503 627 735 666 Mustellam
759 629 855 680 agis,
880 627 998 666 habes
1015 625 1215 665 hominem
1241 626 1352 665 valde

221 682 420 730 idoneum,
441 682 596 734 meique
615 696 705 721 sane
725 683 940 722 studiosum
957 683 1039 731 jam
1067 680 1157 719 inde
1175 694 1198 719 a
1218 680 1353 719 Ponti-

220 750 307 776 ano.
349 736 496 776 Perfice
514 737 633 788 igitur
653 737 824 789 aliquid:
856 735 952 789 quid
975 743 1105 773 autem
1136 734 1257 782 aliud,
1278 736 1352 774 nisi

218 800 264 831 ut
277 790 405 831 aditus
420 791 469 829 sit
484 791 651 830 emtori?
672 792 778 844 quod
796 805 864 844 per
883 790 1058 843 quemvis
1077 789 1268 828 haeredem
1281 803 1351 842 po-

218 853 293 885 test
304 845 413 885 effici.
444 845 520 884 Sed
539 845 770 885 Mustellam
784 846 825 884 id
843 845 1119 898 perfecturum,
1140 844 1172 882 si
1191 844 1350 895 rogaris,

216 908 324 952 puto.
354 900 462 939 Mihi
481 913 569 938 vero
589 908 627 939 et
644 901 775 940 locum
795 913 913 952 quem
928 908 1034 951 opto,
1051 898 1100 936 ad
1111 898 1151 936 id
1164 898 1269 951 quod
1284 912 1352 937 vo-

216 956 364 1003 lumus,
384 954 546 1002 dederis,
568 962 606 992 et
619 963 802 1006 praeterea
818 969 1021 1004 εγγηραμα.
1052 953 1159 991 Nam
1178 953 1247 991 ina
1265 953 1351 992 Silii

217 1017 256 1049 et
270 1008 392 1048 Drusi
411 1021 489 1047 non
503 1008 592 1047 satis
613 1009 888 1046 οικοὸεσποτικα
903 1007 1002 1045 mihi
1022 1007 1223 1046 videntur:
1256 1008 1351 1059 quid

217 1064 322 1103 enim
342 1063 470 1103 sedere
483 1070 581 1101 totos
593 1062 673 1100 dies
685 1062 726 1100 in
741 1062 833 1101 villa
845 1061 918 1100 ista
930 1061 948 1098 ’ἓ
970 1061 1097 1112 Igitur
1107 1062 1258 1108 malim,
1272 1062 1352 1113 pri-

216 1132 344 1166 mum,
365 1117 548 1165 Othonis,
565 1117 702 1156 deinde
718 1116 878 1155 Clodiae.
899 1115 941 1155 Si
955 1115 1054 1153 nihil
1066 1115 1145 1163 fiet,
1159 1123 1227 1154 aut
1242 1115 1351 1154 Dru-

217 1186 258 1213 so
276 1173 393 1211 ludus
412 1178 468 1211 est
486 1171 765 1223 suggerendus,
785 1178 853 1209 aut
871 1169 1062 1208 utendum
1081 1169 1321 1209 Tusculano.

271 1227 391 1276 Quod
403 1226 510 1265 domi
521 1234 557 1264 te
571 1226 772 1274 inclusisti,
787 1225 933 1263 ratione
948 1223 1082 1262 fecisti.
1105 1224 1194 1270 Sed,
1204 1238 1349 1276 quaeso,

215 1282 372 1330 confice,
388 1289 426 1320 et
439 1288 478 1319 te
492 1293 658 1319 vacuum
670 1280 785 1318 redde
796 1279 919 1318 nobis.
940 1278 1028 1329 Ego
1039 1278 1129 1317 hinc
1143 1283 1206 1331 (ut
1217 1279 1350 1332 scripsi

217 1344 346 1385 antea)
365 1335 547 1388 postridie
573 1335 669 1373 Idus
695 1333 936 1382 Lanuvium,
957 1332 1095 1371 deinde
1113 1333 1294 1384 postridie
1307 1333 1349 1372 in

217 1391 453 1431 Tusculano.
483 1389 654 1428 Contudi
673 1389 777 1427 enim
803 1388 994 1433 animum,
1021 1395 1058 1425 et
1076 1387 1234 1426 fortasse
1259 1389 1348 1436 vici,

218 1446 250 1486 si
267 1446 384 1485 modo
402 1457 659 1498 permansero.
689 1443 792 1483 Scies
810 1443 929 1494 igitur
948 1441 1106 1480 fortasse
1127 1455 1221 1489 cras,
1243 1455 1349 1481 sum-

215 1514 327 1541 mum
349 1499 540 1553 perendie.
587 1498 663 1537 Sed
680 1497 778 1550 quid
801 1499 891 1536 est?
919 1509 1061 1549 quaeso.
1092 1496 1345 1545 Philotimus,

217 1569 288 1596 nec
307 1554 469 1594 Carteiae
496 1553 730 1605 Pompeium
749 1551 868 1591 teneri
887 1552 983 1604 (qua
1009 1550 1058 1589 de
1076 1564 1117 1589 re
1149 1551 1349 1590 literarum

217 1611 267 1650 ad
297 1610 478 1649 Clodium
507 1608 742 1647 Patavinum
770 1607 977 1645 missarum
1003 1606 1227 1657 exemplum
1252 1606 1349 1644 mihi

220 1664 375 1718 Oppius
398 1671 436 1703 et
464 1663 612 1702 Balbus
630 1663 827 1708 miserant,
848 1674 888 1700 se
912 1660 952 1699 id
971 1660 1118 1699 factum
1137 1659 1348 1710 arbitrari),

218 1720 444 1772 bellumque
455 1725 584 1756 narrat
596 1717 791 1769 reliquum
806 1716 896 1754 satis
914 1728 1116 1767 magnum.
1148 1715 1252 1754 Solet
1266 1728 1350 1753 om-

221 1775 315 1813 nino
352 1787 430 1812 esse
455 1772 736 1811 Fulviniaster:
769 1770 835 1809 sed
864 1778 1009 1818 tamen,
1041 1770 1072 1808 si
1101 1769 1197 1822 quid
1219 1770 1348 1809 habes.

220 1829 323 1869 Volo
342 1829 472 1876 etiam,
492 1827 540 1866 de
553 1825 755 1878 naufragio
774 1824 1004 1875 Caniniano,
1021 1823 1115 1864 scire
1135 1824 1230 1877 quid
1249 1824 1310 1864 sit.

440 1993 556 2040 (45.)
585 1991 797 2034 CICERO
826 1989 1039 2031 ATTICO
1070 1989 1111 2028 S.

280 2103 368 2154 Ego
388 2102 454 2142 hic
485 2103 564 2143 duo
587 2116 732 2156 magna
763 2116 1006 2150 συνταγματα
1043 2095 1215 2138 absolvi:
1244 2096 1353 2135 nullo

225 2157 332 2196 enim
349 2157 426 2196 alio
438 2158 555 2197 modo
566 2172 589 2197 a
598 2158 755 2198 miseria
768 2156 880 2210 quasi
893 2157 1068 2196 aberrare
1085 2163 1257 2206 possum.
1287 2149 1354 2189 Tu

281 2211 453 2263 (Epist.)
476 2224 581 2252 vor..
613 2225 686 2251 111.
1045 2220 1076 2247 N
