1498 2401
334 135 418 175 AD
445 134 736 177 ATTICUM.
768 137 868 176 LIB-
889 138 986 178 XV.
1016 140 1081 179 29.
1192 138 1273 179 235

147 259 238 288 cum
257 244 423 285 Cosiano
447 243 571 296 egisti,
591 245 747 297 optime.
778 246 898 295 Quod
922 259 1000 286 non
1020 248 1147 287 solum
1167 261 1270 299 mea,

146 313 282 341 verum
300 299 416 338 etiam
434 307 502 338 tua
522 299 692 351 expedis,
713 308 880 351 gratum.
910 301 1162 353 Legationem
1180 316 1270 353 pro-

144 355 229 395 bari
255 366 399 402 meam,
432 353 593 404 gaudeo.
624 353 743 401 Quod
773 355 979 406 promittis,
1013 356 1084 394 Dii
1114 357 1268 395 faxint:

145 408 242 461 quid
259 408 363 447 enim
381 408 480 446 mihi
506 408 603 447 meis
619 408 829 457 jucundius
847 412 864 448 Ρ
895 409 970 448 Sed
999 410 1128 459 istam,
1150 424 1269 462 quam

143 470 188 502 tu
207 462 365 514 excipis,
385 469 528 501 metuo.
556 463 729 501 Brutum
747 476 837 501 cum
864 476 1086 513 convenero,
1107 465 1267 518 perscri-

144 518 237 557 bam
270 517 411 555 omnia.
453 516 517 554 De
554 517 700 555 Planco
737 525 774 555 et
806 517 984 565 Decimo,
1017 531 1106 557 sane
1136 519 1266 557 velim.

143 573 307 612 Sextum
336 578 490 610 scutum
519 570 681 620 abjicere
713 572 905 610 nolebam.
935 572 999 610 De
1031 572 1202 621 Mundo,
1237 574 1270 612 si

143 626 240 678 quid
254 625 359 665 scies.
392 624 587 677 Rescripsi
598 625 648 663 ad
666 625 797 664 omnia
815 634 894 664 tua.
925 626 1045 665 Nunc
1058 635 1187 666 nostra
1202 641 1266 667 ac-

139 693 176 720 ci
204 694 237 720 e.

175 694 370 782 PQuintus
401 733 504 773 filius
536 747 659 786 usque
697 734 878 773 Puteolos
911 735 1049 779 (mirus
1086 736 1192 788 civis,
1222 748 1268 779 ut

139 796 184 828 tu
203 789 434 837 Favonium,
461 788 661 837 Asinium,
684 789 819 837 dicas),
848 797 885 828 et
907 789 1065 841 quidem
1093 791 1190 831 duas
1216 796 1265 834 ob

139 857 286 892 causas,
308 851 345 882 et
362 851 408 881 ut
425 855 592 889 mecum,
616 850 653 881 et
675 843 898 880 σπεισασθαι
924 844 1010 882 vult
1029 857 1117 883 cum
1137 847 1264 887 Bruto

139 905 178 937 et
197 897 342 937 Cassio.
372 897 449 936 Sed
462 904 505 935 tu
524 896 619 948 quid
633 897 688 935 ais
705 898 722 935 Ρ
752 897 838 935 Scio
858 897 961 936 enim
979 906 1016 937 te
1034 899 1267 941 familiarem

139 965 219 991 esse
238 952 455 992 Othonum.
485 951 558 990 Ait
575 950 638 989 hic
665 950 736 989 sibi
761 950 913 989 Juliam
940 952 1051 1001 ferre,
1081 956 1265 995 constitu-

139 1014 226 1046 tum
258 1006 361 1045 enim
395 1018 475 1044 osse
506 1004 722 1043 discidium.
752 1003 943 1052 Quaesivit
972 1019 1020 1045 ex
1049 1020 1113 1046 me
1139 1018 1263 1062 pater,

138 1060 265 1113 qualis
284 1067 380 1099 esset
397 1060 514 1098 fama.
543 1058 656 1106 Dixi,
683 1058 782 1096 nihil
810 1072 900 1098 sane
917 1073 981 1107 me
1007 1062 1160 1102 audisse
1179 1068 1264 1108 (ne-

139 1115 306 1154 sciebam
335 1115 454 1162 enim,
484 1127 552 1153 cur
577 1120 795 1165 quaereret),
819 1113 894 1152 nisi
913 1114 960 1152 de
989 1127 1065 1162 ore,
1088 1124 1125 1156 et
1142 1127 1262 1170 patre.

138 1169 217 1210 Sed
245 1168 437 1221 quorsus?
465 1168 639 1220 inquam.
669 1167 722 1205 At
749 1167 828 1216 ille,
860 1167 984 1207 filium
1016 1171 1124 1209 velle.
1153 1172 1263 1212 Tum

139 1237 224 1275 ego,
245 1223 316 1262 etsi
336 1223 621 1271 εβὸελυττομην,
647 1228 778 1260 tamen
802 1222 941 1273 negavi
961 1231 1096 1275 putare
1114 1239 1177 1265 me
1194 1227 1263 1266 illa

137 1291 217 1317 esse
245 1290 346 1316 vera.
379 1284 517 1319 Σκοπος
546 1275 635 1319 (hoc
661 1284 717 1314 est
745 1276 865 1323 enim)
894 1277 986 1316 huic
1010 1287 1138 1318 nostro
1162 1281 1261 1320 nihil

134 1333 317 1384 praebere.
347 1331 424 1369 Illa
448 1338 580 1368 autem
607 1345 642 1366 ου
663 1344 760 1380 παρα
782 1345 900 1368 τουτο.
929 1331 1018 1383 Ego
1030 1340 1166 1373 <tamen
1197 1349 1261 1374 su-

134 1387 272 1438 spicor,
291 1386 411 1433 hunc,
431 1391 476 1423 ut
494 1384 602 1433 solet,
623 1383 864 1423 hallucinari.
892 1385 969 1424 Sed
983 1387 1099 1426 velim
1114 1402 1262 1441 quaeras

134 1441 264 1485 (facile
282 1449 412 1479 autem
431 1446 571 1491 potes),
592 1445 629 1477 et
646 1451 710 1477 me
729 1438 940 1477 certiorem.

187 1495 358 1534 Obsecro
375 1501 428 1541 te,
454 1492 550 1545 quid
573 1500 628 1531 eet
651 1493 724 1531 hoc
741 1495 759 1532 ’ἓ
790 1493 950 1544 Signata
969 1494 1052 1544 jam
1081 1496 1255 1548 epistola,

130 1548 344 1597 Formiani,
364 1547 434 1600 qui
451 1546 556 1599 apud
573 1560 638 1586 me
655 1548 868 1597 coenabant,
896 1548 1087 1588 Plancum
1108 1564 1160 1600 se,
1181 1551 1258 1591 aie-

130 1606 240 1651 bant,
258 1603 364 1641 hunc
381 1601 649 1650 Buthrotium,
664 1601 787 1653 pridie
806 1615 925 1653 quam
939 1602 1012 1641 hoc
1026 1604 1253 1655 scribebam,

132 1658 174 1696 id
193 1665 250 1696 est
267 1657 332 1696 IV
358 1657 508 1704 Nonas,
540 1655 680 1694 vidisse
704 1655 930 1703 demissum,
952 1657 1032 1696 sine
1060 1658 1253 1710 phaleris:

132 1712 302 1751 servulos
334 1718 464 1749 autem
493 1710 629 1758 dicere,
661 1723 751 1749 eum
777 1718 815 1749 et
848 1711 1036 1763 agripetas
1066 1713 1203 1762 ejectos
1232 1729 1256 1754 a

133 1765 361 1806 Buthrotiis.
409 1764 542 1804 Macte
560 1765 570 1804 ἱ
602 1764 677 1805 Sed
696 1765 854 1817 (amabo
873 1763 930 1816 te)
949 1766 1139 1819 perscribe
1157 1768 1257 1807 mihi

132 1827 259 1861 totum
276 1818 486 1873 negotium.
