1477 2365
260 84 314 121 34
451 85 534 123 AD
562 86 847 126 ATTICUM.
877 87 978 126 Lm.
995 87 1073 126 IX.
1106 87 1167 124 16.

260 204 339 230 esse
367 191 416 229 ad
444 192 605 242 Urbem,
630 202 669 232 et
694 207 835 246 paucos
862 195 942 233 djoe
968 193 1023 232 ibi
1050 192 1290 241 commorari,
1309 191 1378 231 de-

259 245 347 284 inde
366 246 404 283 in
425 246 634 298 Hispanias
658 249 854 300 proficisci.
892 249 1018 287 Nobis
1035 261 1112 286 non
1132 247 1300 286 alienum
1319 245 1379 284 vi-

256 312 346 336 sum
366 307 434 348 est,
455 301 636 352 quoniam
656 302 704 340 de
728 302 895 341 adventu
915 302 1075 341 Caesaris
1092 315 1162 353 pro
1188 308 1289 340 certo
1305 300 1378 337 ha-

258 354 457 401 bebamus,
477 368 614 406 pueros
633 356 683 394 ad
700 364 737 394 te
755 357 959 405 remittere,
986 364 1031 394 ut
1057 355 1098 393 id
1116 362 1156 392 tu
1178 353 1377 406 quampri-

257 418 369 444 mum
389 408 512 447 scires.
540 409 730 448 Mandata
751 418 819 448 tua
844 411 954 449 nobis
967 423 1068 448 curae
1093 415 1210 454 sunt;
1238 421 1374 459 eaque,

258 468 303 497 ut
335 469 487 513 tempus
516 464 731 514 postularit,
765 477 934 516 agemus.
974 463 1180 502 Trebatius
1207 462 1377 501 Scaevola

256 514 361 562 facit,
381 524 425 553 ut
443 517 650 556 antecedat.

312 572 340 590 “
359 569 537 621 Epistola
555 572 780 624 conscripta,
801 572 1021 610 nuntiatum
1037 578 1092 609 est
1110 569 1234 617 nobis,
1248 569 1377 608 Caesa-

256 634 352 670 rem,
373 637 407 661 a.
425 624 462 662 d.
483 624 596 663 VIII
613 625 697 664 Cal.
710 626 880 678 AprileS,
896 625 1110 665 Beneventi
1123 635 1372 668 mansurum;

254 689 291 714 a.
318 676 356 714 d.
387 678 475 715 VH
502 678 678 730 Capuae3
712 694 746 718 a.
773 680 810 718 d.
840 681 904 719 VI
937 680 1136 720 Sinuessae.
1180 678 1269 717 Hoc
1304 689 1376 729 pro

249 738 355 769 certo
372 734 597 784 putamus.”

401 871 408 875 ’
471 895 588 950 (16.)
623 896 835 936 CICERO
865 895 1086 935 ΛΤΤΙΟΟ
1114 897 1156 935 s.

308 1006 425 1053 Cum,
446 1005 550 1057 quod
577 1005 779 1043 scriberem
805 1004 854 1042 ad
880 1012 931 1050 te,
957 1004 1056 1042 nihil
1077 1003 1285 1048 haberem3
1315 1008 1373 1040 ta-

255 1071 358 1107 men,
380 1072 428 1097 ne
448 1072 564 1111 quem
588 1059 689 1096 dien]
708 1058 1015 1106 intermitterem,
1038 1058 1108 1096 has
1126 1056 1215 1096 dedi
1231 1055 1373 1094 literas.

253 1113 307 1150 A.
323 1113 359 1151 d.
372 1113 435 1151 VI
456 1112 540 1152 Cal.
562 1112 752 1151 Caesarem
766 1112 957 1151 Sinuessae
973 1123 1202 1150 mansurum
1220 1109 1375 1148 nuntia-

253 1168 357 1205 bant.
391 1168 459 1205 Ab
486 1180 529 1205 eo
554 1167 651 1204 mihi
673 1166 792 1205 literae
805 1165 963 1204 redditae
984 1179 1019 1203 a.
1039 1166 1077 1203 d„
1097 1165 1186 1204 VII
1214 1163 1374 1203 Calend.

251 1221 394 1271 quibus
410 1222 493 1271 jam
521 1234 607 1272 opes
625 1234 745 1266 meas,
765 1232 843 1258 non
865 1221 929 1271 (ut
947 1217 1223 1271 superioribus)
1249 1231 1373 1269 opem,

250 1282 457 1326 exspectat.
490 1275 592 1313 Cum
613 1276 695 1323 ejus
714 1274 956 1313 clementiam
976 1273 1252 1312 Corfiniensem
1264 1272 1372 1310 illam

249 1341 320 1382 per
337 1329 463 1368 literas
485 1329 813 1378 collaudavissem‚
833 1327 1024 1379 rescripsit
1043 1328 1116 1366 hoc
1134 1327 1337 1378 exemplo:

396 1439 424 1460 “
449 1438 592 1486 amar,
614 1439 720 1488 Imp.
751 1438 945 1485 Ciceroni,
963 1437 1072 1486 Imp.
1097 1437 1141 1474 S.
1161 1437 1218 1474 D.

306 1548 334 1568 “
356 1545 475 1584 Recte
494 1545 692 1596 aug-uraris
710 1545 759 1583 de
776 1558 854 1592 me,
880 1545 996 1597 (bene
1022 1544 1126 1583 enim
1145 1544 1217 1582 tibi
1242 1544 1374 1596 cogni-

252 1606 314 1637 tus
339 1607 442 1647 sum)
461 1600 559 1637 nihil
585 1613 607 1637 a
625 1613 689 1637 me
707 1601 837 1638 abesse
852 1599 1005 1650 longius
1024 1598 1262 1637 crudelitate.
1296 1596 1374 1637 At-

252 1667 328 1705 que
347 1667 415 1704 ego
442 1667 531 1692 cum
551 1667 599 1692 ex
617 1654 702 1705 ipsa
719 1667 760 1692 re
778 1665 961 1704 magnam
979 1652 1087 1704 capio
1105 1652 1340 1704 voluptatem
1356 1665 1370 1698 ;

250 1715 350 1753 tum,
371 1720 503 1746 meum
522 1707 667 1745 factum
685 1707 838 1759 probari
862 1709 910 1745 ab
929 1716 981 1754 te,
1001 1705 1198 1758 triumpho
1217 1706 1371 1757 gaudio.

251 1761 391 1812 Neque
417 1761 517 1799 illud
545 1775 609 1799 me
635 1769 778 1810 movet,
807 1761 911 1812 quod
928 1760 971 1808 ii,
997 1760 1066 1812 qui
1091 1773 1114 1798 a
1134 1772 1198 1798 me
1225 1759 1372 1798 dimissi

248 1823 354 1862 sunt,
389 1815 599 1854 discessisse
627 1815 820 1861 dicuntur,
857 1822 903 1853 ut
931 1815 1030 1852 mihi
1060 1827 1192 1852 rursus
1221 1814 1370 1852 bellum

248 1868 460 1908 inferrent:
490 1869 589 1906 nihil
614 1870 717 1907 enim
745 1869 863 1916 malo,
891 1881 1011 1920 quam
1031 1875 1069 1907 et
1086 1880 1150 1906 me
1167 1867 1245 1906 mei
1263 1867 1371 1906 simi-

248 1922 326 1960 lem
347 1935 439 1971 esse,
461 1931 497 1960 et
516 1923 601 1961 illos
621 1923 691 1961 sui.

303 1979 331 1999 ‘⁶
347 1976 426 2024 Tu,
453 1976 583 2025 velim,
603 1977 700 2015 mihi
718 1976 767 2014 ad
796 1976 946 2015 Urbem
956 1983 1103 2028 -praesto
1122 1975 1186 2024 sis,
1218 1983 1264 2015 ut
1291 1975 1369 2014 tuis

247 2029 412 2068 consiliis
437 2038 552 2081 atque
577 2031 714 2082 opibus
737 2034 798 2074 (ut
816 2031 1010 2078 consuevi)
1033 2030 1074 2068 in
1101 2029 1282 2069 omnibus
1309 2042 1370 2067 re-

246 2084 319 2122 bus
337 2091 435 2122 utar.
473 2083 679 2122 Dolabella
697 2092 764 2122 tuo
782 2084 880 2122 nihil
898 2084 992 2123 scito
1009 2084 1107 2122 mihi
1125 2096 1204 2123 esse
1224 2084 1369 2134 jucun·

246 2137 346 2177 dius,
381 2138 495 2177 Hanc
520 2138 615 2177 adeo
639 2138 788 2177 habebo
812 2138 975 2190 gratiam
1000 2138 1085 2176 illi:
1115 2150 1241 2189 neque
1260 2137 1363 2176 enim

1468 390 1477 426 ἀ
1468 239 1477 387 mm
1470 166 1477 234 c-2:„
1472 147 1477 160 2
