<?xml version="1.0" encoding="UTF-8"?>
<!DOCTYPE html PUBLIC "-//W3C//DTD XHTML 1.0 Transitional//EN"
    "http://www.w3.org/TR/xhtml1/DTD/xhtml1-transitional.dtd">
<html xmlns="http://www.w3.org/1999/xhtml" xml:lang="en" lang="en">
 <head>
  <title>
</title>
<meta http-equiv="Content-Type" content="text/html;charset=utf-8" />
  <meta name='ocr-system' content='tesseract 3.04.00' />
  <meta name='ocr-capabilities' content='ocr_page ocr_carea ocr_par ocr_line ocrx_word'/>
</head>
<body>
  <div class='ocr_page' id='page_1' title='image "./operaern11ciceuoft_0204.png"; bbox 0 0 1498 2401; ppageno 0'>
   <div class='ocr_carea' id='block_1_1' title="bbox 218 44 1170 89">
    <p class='ocr_par' dir='ltr' id='par_1_1' title="bbox 218 44 1170 89">
     <span class='ocr_line' id='line_1_1' title="bbox 218 44 1170 89; baseline -0.005 0"><span class='ocrx_word' id='word_1_1' title='bbox 218 48 300 89; x_wconf 81' lang='lat'><strong>190</strong></span> <span class='ocrx_word' id='word_1_2' title='bbox 402 45 485 86; x_wconf 86' lang='lat' dir='ltr'><strong>AD</strong></span> <span class='ocrx_word' id='word_1_3' title='bbox 510 45 801 86; x_wconf 87' lang='lat' dir='ltr'><strong>ATTICUM.</strong></span> <span class='ocrx_word' id='word_1_4' title='bbox 829 45 931 85; x_wconf 78' lang='lat' dir='ltr'><strong>Lm.</strong></span> <span class='ocrx_word' id='word_1_5' title='bbox 951 44 1075 86; x_wconf 91' lang='lat' dir='ltr'>XIV.</span> <span class='ocrx_word' id='word_1_6' title='bbox 1105 45 1170 84; x_wconf 88' lang='lat'><strong>13.</strong></span> 
     </span>
    </p>
   </div>
   <div class='ocr_carea' id='block_1_2' title="bbox 211 153 1354 1457">
    <p class='ocr_par' dir='ltr' id='par_1_2' title="bbox 211 153 1351 803">
     <span class='ocr_line' id='line_1_2' title="bbox 269 153 1346 208; baseline 0 -14"><span class='ocrx_word' id='word_1_7' title='bbox 269 156 404 195; x_wconf 86' lang='lat' dir='ltr'><strong>Redeo</strong></span> <span class='ocrx_word' id='word_1_8' title='bbox 421 169 526 195; x_wconf 89' lang='lat' dir='ltr'><strong>nunc</strong></span> <span class='ocrx_word' id='word_1_9' title='bbox 543 156 593 194; x_wconf 85' lang='lat' dir='ltr'><strong>ad</strong></span> <span class='ocrx_word' id='word_1_10' title='bbox 611 156 810 208; x_wconf 80' lang='lat' dir='ltr'><strong>epistolam</strong></span> <span class='ocrx_word' id='word_1_11' title='bbox 829 163 951 194; x_wconf 87' lang='lat' dir='ltr'><strong>tuam.</strong></span> <span class='ocrx_word' id='word_1_12' title='bbox 979 154 1124 194; x_wconf 84' lang='lat' dir='ltr'>Scribis</span> <span class='ocrx_word' id='word_1_13' title='bbox 1143 153 1250 193; x_wconf 82' lang='lat' dir='ltr'><strong>enim</strong></span> <span class='ocrx_word' id='word_1_14' title='bbox 1265 167 1346 194; x_wconf 67' lang='lat' dir='ltr'><strong>aese</strong></span> 
     </span>
     <span class='ocr_line' id='line_1_3' title="bbox 218 208 1345 271; baseline -0.003 -22"><span class='ocrx_word' id='word_1_15' title='bbox 218 223 408 259; x_wconf 58' lang='lat' dir='ltr'><strong>rumores,</strong></span> <span class='ocrx_word' id='word_1_16' title='bbox 434 224 512 259; x_wconf 87' lang='lat' dir='ltr'><strong>me,</strong></span> <span class='ocrx_word' id='word_1_17' title='bbox 543 210 593 248; x_wconf 84' lang='lat' dir='ltr'><strong>ad</strong></span> <span class='ocrx_word' id='word_1_18' title='bbox 620 211 750 249; x_wconf 81' lang='lat' dir='ltr'><strong>lacum</strong></span> <span class='ocrx_word' id='word_1_19' title='bbox 779 209 885 271; x_wconf 81' lang='lat' dir='ltr'><strong>quod</strong></span> <span class='ocrx_word' id='word_1_20' title='bbox 910 210 1049 258; x_wconf 83' lang='lat' dir='ltr'><strong>habeo,</strong></span> <span class='ocrx_word' id='word_1_21' title='bbox 1071 208 1345 255; x_wconf 83' lang='lat' dir='ltr'><strong>venditurum;</strong></span> 
     </span>
     <span class='ocr_line' id='line_1_4' title="bbox 218 262 1346 316; baseline -0.003 -13"><span class='ocrx_word' id='word_1_22' title='bbox 218 265 478 303; x_wconf 78' lang='lat' dir='ltr'>minusculam</span> <span class='ocrx_word' id='word_1_23' title='bbox 500 278 589 303; x_wconf 84' lang='lat' dir='ltr'><strong>vero</strong></span> <span class='ocrx_word' id='word_1_24' title='bbox 607 264 741 303; x_wconf 65' lang='lat' dir='ltr'><strong>Villam</strong></span> <span class='ocrx_word' id='word_1_25' title='bbox 766 265 853 316; x_wconf 86' lang='lat' dir='ltr'><strong>utiq</strong></span> <span class='ocrx_word' id='word_1_26' title='bbox 854 277 903 302; x_wconf 91' lang='lat' dir='ltr'><strong>ue</strong></span> <span class='ocrx_word' id='word_1_27' title='bbox 922 263 1072 311; x_wconf 85' lang='lat' dir='ltr'><strong>Quinto</strong></span> <span class='ocrx_word' id='word_1_28' title='bbox 1098 262 1346 311; x_wconf 77' lang='lat' dir='ltr'><strong>traditurum,</strong></span> 
     </span>
     <span class='ocr_line' id='line_1_5' title="bbox 218 316 1350 371; baseline -0.004 -14"><span class='ocrx_word' id='word_1_29' title='bbox 218 319 310 357; x_wconf 83' lang='lat' dir='ltr'><strong>vel</strong></span> <span class='ocrx_word' id='word_1_30' title='bbox 299 332 473 370; x_wconf 78' lang='lat' dir='ltr'><strong>impenso</strong></span> <span class='ocrx_word' id='word_1_31' title='bbox 491 320 626 371; x_wconf 78' lang='lat' dir='ltr'><strong>pretio,</strong></span> <span class='ocrx_word' id='word_1_32' title='bbox 647 332 724 371; x_wconf 92' lang='lat' dir='ltr'><strong>quo</strong></span> <span class='ocrx_word' id='word_1_33' title='bbox 737 318 1000 358; x_wconf 80' lang='lat' dir='ltr'><strong>introducatur</strong></span> <span class='ocrx_word' id='word_1_34' title='bbox 1018 321 1081 361; x_wconf 88' lang='lat' dir='ltr'><strong>(ut</strong></span> <span class='ocrx_word' id='word_1_35' title='bbox 1091 317 1163 355; x_wconf 90' lang='lat' dir='ltr'><strong>tibi</strong></span> <span class='ocrx_word' id='word_1_36' title='bbox 1176 316 1350 365; x_wconf 88' lang='lat' dir='ltr'><strong>Quintus</strong></span> 
     </span>
     <span class='ocr_line' id='line_1_6' title="bbox 211 370 1350 425; baseline -0.004 -12"><span class='ocrx_word' id='word_1_37' title='bbox 211 373 322 413; x_wconf 76' lang='lat' dir='ltr'><strong>filius</strong></span> <span class='ocrx_word' id='word_1_38' title='bbox 338 373 493 421; x_wconf 81' lang='lat' dir='ltr'><strong>dixerit)</strong></span> <span class='ocrx_word' id='word_1_39' title='bbox 509 374 638 412; x_wconf 86' lang='lat' dir='ltr'><strong>dotata</strong></span> <span class='ocrx_word' id='word_1_40' title='bbox 650 373 840 425; x_wconf 87' lang='lat' dir='ltr'><strong>Aquillia.</strong></span> <span class='ocrx_word' id='word_1_41' title='bbox 870 373 959 423; x_wconf 85' lang='lat' dir='ltr'><strong>Ego</strong></span> <span class='ocrx_word' id='word_1_42' title='bbox 971 385 1058 410; x_wconf 84' lang='lat' dir='ltr'><strong>vero</strong></span> <span class='ocrx_word' id='word_1_43' title='bbox 1070 372 1118 410; x_wconf 88' lang='lat' dir='ltr'><strong>de</strong></span> <span class='ocrx_word' id='word_1_44' title='bbox 1132 370 1350 409; x_wconf 86' lang='lat' dir='ltr'><strong>venditione</strong></span> 
     </span>
     <span class='ocr_line' id='line_1_7' title="bbox 214 424 1350 480; baseline -0.004 -14"><span class='ocrx_word' id='word_1_45' title='bbox 214 427 319 467; x_wconf 75' lang='lat' dir='ltr'><strong>nihfl</strong></span> <span class='ocrx_word' id='word_1_46' title='bbox 348 428 486 478; x_wconf 81' lang='lat' dir='ltr'><strong>cogito,</strong></span> <span class='ocrx_word' id='word_1_47' title='bbox 507 428 582 466; x_wconf 86' lang='lat' dir='ltr'><strong>nisi</strong></span> <span class='ocrx_word' id='word_1_48' title='bbox 600 428 709 480; x_wconf 80' lang='lat' dir='ltr'><strong>quid,</strong></span> <span class='ocrx_word' id='word_1_49' title='bbox 730 428 835 479; x_wconf 85' lang='lat' dir='ltr'><strong>quod</strong></span> <span class='ocrx_word' id='word_1_50' title='bbox 861 426 986 477; x_wconf 83' lang='lat' dir='ltr'><strong>magis</strong></span> <span class='ocrx_word' id='word_1_51' title='bbox 1014 438 1077 464; x_wconf 89' lang='lat' dir='ltr'><strong>me</strong></span> <span class='ocrx_word' id='word_1_52' title='bbox 1095 424 1301 474; x_wconf 84' lang='lat' dir='ltr'><strong>delectet,</strong></span> <span class='ocrx_word' id='word_1_53' title='bbox 1288 437 1350 462; x_wconf 88' lang='lat' dir='ltr'><strong>m-</strong></span> 
     </span>
     <span class='ocr_line' id='line_1_8' title="bbox 218 478 1350 530; baseline -0.002 -11"><span class='ocrx_word' id='word_1_54' title='bbox 218 494 369 520; x_wconf 87' lang='lat' dir='ltr'><strong>venero.</strong></span> <span class='ocrx_word' id='word_1_55' title='bbox 399 482 572 530; x_wconf 83' lang='lat' dir='ltr'><strong>Quintus</strong></span> <span class='ocrx_word' id='word_1_56' title='bbox 599 490 729 520; x_wconf 78' lang='lat' dir='ltr'><strong>autem</strong></span> <span class='ocrx_word' id='word_1_57' title='bbox 757 482 804 521; x_wconf 88' lang='grc'><strong>(10</strong></span> <span class='ocrx_word' id='word_1_58' title='bbox 827 481 989 520; x_wconf 88' lang='lat' dir='ltr'><strong>emendo</strong></span> <span class='ocrx_word' id='word_1_59' title='bbox 1013 480 1113 518; x_wconf 84' lang='lat' dir='ltr'><strong>nihil</strong></span> <span class='ocrx_word' id='word_1_60' title='bbox 1140 487 1250 519; x_wconf 82' lang='lat' dir='ltr'><strong>curat</strong></span> <span class='ocrx_word' id='word_1_61' title='bbox 1275 478 1350 518; x_wconf 89' lang='lat' dir='ltr'><strong>hoc</strong></span> 
     </span>
     <span class='ocr_line' id='line_1_9' title="bbox 218 532 1350 597; baseline -0.003 -23"><span class='ocrx_word' id='word_1_62' title='bbox 218 543 401 587; x_wconf 78' lang='lat' dir='ltr'><strong>tempore.</strong></span> <span class='ocrx_word' id='word_1_63' title='bbox 439 537 539 576; x_wconf 82' lang='lat' dir='ltr'><strong>Satis</strong></span> <span class='ocrx_word' id='word_1_64' title='bbox 572 537 675 575; x_wconf 88' lang='lat' dir='ltr'><strong>enim</strong></span> <span class='ocrx_word' id='word_1_65' title='bbox 705 544 914 597; x_wconf 72' lang='lat' dir='ltr'><strong>torquetur</strong></span> <span class='ocrx_word' id='word_1_66' title='bbox 933 535 1125 573; x_wconf 88' lang='lat' dir='ltr'><strong>debitione</strong></span> <span class='ocrx_word' id='word_1_67' title='bbox 1153 534 1278 572; x_wconf 85' lang='lat' dir='ltr'><strong>dotis:</strong></span> <span class='ocrx_word' id='word_1_68' title='bbox 1307 532 1350 571; x_wconf 92' lang='lat' dir='ltr'><strong>in</strong></span> 
     </span>
     <span class='ocr_line' id='line_1_10' title="bbox 216 588 1350 645; baseline -0.004 -16"><span class='ocrx_word' id='word_1_69' title='bbox 216 604 297 645; x_wconf 81' lang='lat' dir='ltr'><strong>qua</strong></span> <span class='ocrx_word' id='word_1_70' title='bbox 314 590 493 629; x_wconf 80' lang='lat' dir='ltr'><strong>mirificas</strong></span> <span class='ocrx_word' id='word_1_71' title='bbox 511 591 681 642; x_wconf 86' lang='lat' dir='ltr'><strong>Egnatio</strong></span> <span class='ocrx_word' id='word_1_72' title='bbox 695 592 836 642; x_wconf 82' lang='lat' dir='ltr'><strong>gratias</strong></span> <span class='ocrx_word' id='word_1_73' title='bbox 855 590 946 641; x_wconf 81' lang='lat' dir='ltr'><strong>agit.</strong></span> <span class='ocrx_word' id='word_1_74' title='bbox 976 590 1015 627; x_wconf 92' lang='lat' dir='ltr'><strong>A</strong></span> <span class='ocrx_word' id='word_1_75' title='bbox 1029 588 1205 627; x_wconf 83' lang='lat' dir='ltr'><strong>ducenda</strong></span> <span class='ocrx_word' id='word_1_76' title='bbox 1218 595 1350 626; x_wconf 83' lang='lat' dir='ltr'><strong>autem</strong></span> 
     </span>
     <span class='ocr_line' id='line_1_11' title="bbox 217 641 1352 694; baseline -0.003 -11"><span class='ocrx_word' id='word_1_77' title='bbox 217 657 338 683; x_wconf 81' lang='lat' dir='ltr'><strong>uxore</strong></span> <span class='ocrx_word' id='word_1_78' title='bbox 357 645 409 684; x_wconf 87' lang='lat' dir='ltr'><strong>sic</strong></span> <span class='ocrx_word' id='word_1_79' title='bbox 427 645 618 693; x_wconf 82' lang='lat' dir='ltr'><strong>abhorret,</strong></span> <span class='ocrx_word' id='word_1_80' title='bbox 645 654 690 683; x_wconf 90' lang='lat' dir='ltr'><strong>ut</strong></span> <span class='ocrx_word' id='word_1_81' title='bbox 709 646 830 683; x_wconf 87' lang='lat' dir='ltr'><strong>libero</strong></span> <span class='ocrx_word' id='word_1_82' title='bbox 847 643 989 682; x_wconf 88' lang='lat' dir='ltr'><strong>lectulo</strong></span> <span class='ocrx_word' id='word_1_83' title='bbox 1010 650 1125 694; x_wconf 87' lang='lat' dir='ltr'><strong>neget</strong></span> <span class='ocrx_word' id='word_1_84' title='bbox 1143 655 1224 681; x_wconf 69' lang='lat' dir='ltr'><strong>aese</strong></span> <span class='ocrx_word' id='word_1_85' title='bbox 1238 641 1352 694; x_wconf 86' lang='lat' dir='ltr'><strong>quid-</strong></span> 
     </span>
     <span class='ocr_line' id='line_1_12' title="bbox 219 695 1351 750; baseline -0.003 -13"><span class='ocrx_word' id='word_1_86' title='bbox 219 712 339 750; x_wconf 83' lang='lat' dir='ltr'><strong>quam</strong></span> <span class='ocrx_word' id='word_1_87' title='bbox 355 700 578 749; x_wconf 88' lang='lat' dir='ltr'><strong>jucundius.</strong></span> <span class='ocrx_word' id='word_1_88' title='bbox 620 699 697 738; x_wconf 86' lang='lat' dir='ltr'><strong>Sed</strong></span> <span class='ocrx_word' id='word_1_89' title='bbox 721 700 803 737; x_wconf 84' lang='lat' dir='ltr'><strong>haec</strong></span> <span class='ocrx_word' id='word_1_90' title='bbox 821 711 977 750; x_wconf 90' lang='lat' dir='ltr'><strong>quoque</strong></span> <span class='ocrx_word' id='word_1_91' title='bbox 994 698 1207 736; x_wconf 78' lang='lat' dir='ltr'><strong>hactenus.</strong></span> <span class='ocrx_word' id='word_1_92' title='bbox 1237 695 1351 734; x_wconf 86' lang='lat' dir='ltr'><strong>redeo</strong></span> 
     </span>
     <span class='ocr_line' id='line_1_13' title="bbox 217 750 1348 812; baseline -0.004 -20"><span class='ocrx_word' id='word_1_93' title='bbox 217 753 324 791; x_wconf 85' lang='lat' dir='ltr'><strong>enim</strong></span> <span class='ocrx_word' id='word_1_94' title='bbox 344 754 394 792; x_wconf 90' lang='lat' dir='ltr'><strong>ad</strong></span> <span class='ocrx_word' id='word_1_95' title='bbox 412 754 607 802; x_wconf 79' lang='lat' dir='ltr'><strong>miseram,</strong></span> <span class='ocrx_word' id='word_1_96' title='bbox 628 767 695 791; x_wconf 90' lang='lat' dir='ltr'><strong>seu</strong></span> <span class='ocrx_word' id='word_1_97' title='bbox 713 753 864 791; x_wconf 80' lang='lat' dir='ltr'><strong>nullam</strong></span> <span class='ocrx_word' id='word_1_98' title='bbox 886 752 1029 803; x_wconf 88' lang='lat' dir='ltr'><strong>potius,</strong></span> <span class='ocrx_word' id='word_1_99' title='bbox 1053 750 1348 812; x_wconf 70' lang='lat' dir='ltr'><strong>rempublicam</strong></span> 
     </span>
    </p>

    <p class='ocr_par' dir='ltr' id='par_1_3' title="bbox 215 805 1354 1457">
     <span class='ocr_line' id='line_1_14' title="bbox 274 805 1350 859; baseline -0.004 -12.996"><span class='ocrx_word' id='word_1_100' title='bbox 274 808 336 846; x_wconf 75' lang='lat' dir='ltr'><strong>M.</strong></span> <span class='ocrx_word' id='word_1_101' title='bbox 362 808 557 846; x_wconf 78' lang='lat' dir='ltr'><strong>Antonius</strong></span> <span class='ocrx_word' id='word_1_102' title='bbox 579 807 628 846; x_wconf 86' lang='lat' dir='ltr'><strong>ad</strong></span> <span class='ocrx_word' id='word_1_103' title='bbox 656 820 720 845; x_wconf 90' lang='lat' dir='ltr'><strong>me</strong></span> <span class='ocrx_word' id='word_1_104' title='bbox 747 806 897 859; x_wconf 88' lang='lat' dir='ltr'><strong>scripsit</strong></span> <span class='ocrx_word' id='word_1_105' title='bbox 925 805 973 844; x_wconf 92' lang='lat' dir='ltr'><strong>de</strong></span> <span class='ocrx_word' id='word_1_106' title='bbox 997 805 1235 845; x_wconf 56' lang='lat' dir='ltr'><strong>restitutione</strong></span> <span class='ocrx_word' id='word_1_107' title='bbox 1259 805 1350 844; x_wconf 80' lang='lat' dir='ltr'><strong>Sex.</strong></span> 
     </span>
     <span class='ocr_line' id='line_1_15' title="bbox 222 859 1351 921; baseline -0.004 -21"><span class='ocrx_word' id='word_1_108' title='bbox 222 861 378 908; x_wconf 88' lang='lat' dir='ltr'><strong>Clodii;</strong></span> <span class='ocrx_word' id='word_1_109' title='bbox 415 875 535 913; x_wconf 86' lang='lat' dir='ltr'><strong>quam</strong></span> <span class='ocrx_word' id='word_1_110' title='bbox 563 861 784 908; x_wconf 83' lang='lat' dir='ltr'><strong>honorifice,</strong></span> <span class='ocrx_word' id='word_1_111' title='bbox 816 860 922 913; x_wconf 84' lang='lat' dir='ltr'><strong>quod</strong></span> <span class='ocrx_word' id='word_1_112' title='bbox 945 859 1002 921; x_wconf 68' lang='lat' dir='ltr'><strong>ad.</strong></span> <span class='ocrx_word' id='word_1_113' title='bbox 1025 873 1090 898; x_wconf 90' lang='lat' dir='ltr'><strong>me</strong></span> <span class='ocrx_word' id='word_1_114' title='bbox 1122 859 1271 907; x_wconf 78' lang='lat' dir='ltr'><strong>attinet,</strong></span> <span class='ocrx_word' id='word_1_115' title='bbox 1302 871 1351 896; x_wconf 86' lang='lat' dir='ltr'><strong>ex</strong></span> 
     </span>
     <span class='ocr_line' id='line_1_16' title="bbox 218 891 1350 967; baseline -0.003 -13"><span class='ocrx_word' id='word_1_116' title='bbox 218 915 339 967; x_wconf 88' lang='lat' dir='ltr'><strong>ipsius</strong></span> <span class='ocrx_word' id='word_1_117' title='bbox 363 891 482 954; x_wconf 79' lang='lat' dir='ltr'><strong>literis</strong></span> <span class='ocrx_word' id='word_1_118' title='bbox 501 928 727 967; x_wconf 82' lang='lat' dir='ltr'><strong>cognosces3</strong></span> <span class='ocrx_word' id='word_1_119' title='bbox 761 915 868 966; x_wconf 85' lang='lat' dir='ltr'><strong>(misi</strong></span> <span class='ocrx_word' id='word_1_120' title='bbox 895 914 999 953; x_wconf 88' lang='lat' dir='ltr'><strong>enim</strong></span> <span class='ocrx_word' id='word_1_121' title='bbox 1017 914 1089 953; x_wconf 91' lang='lat' dir='ltr'><strong>tibi</strong></span> <span class='ocrx_word' id='word_1_122' title='bbox 1107 911 1350 965; x_wconf 81' lang='lat' dir='ltr'><strong>exemplum)</strong></span> 
     </span>
     <span class='ocr_line' id='line_1_17' title="bbox 219 967 1354 1022; baseline -0.002 -15"><span class='ocrx_word' id='word_1_123' title='bbox 219 983 340 1021; x_wconf 89' lang='lat' dir='ltr'><strong>quam</strong></span> <span class='ocrx_word' id='word_1_124' title='bbox 359 971 553 1018; x_wconf 78' lang='lat' dir='ltr'><strong>dissolute,</strong></span> <span class='ocrx_word' id='word_1_125' title='bbox 575 983 693 1022; x_wconf 89' lang='lat' dir='ltr'><strong>quam</strong></span> <span class='ocrx_word' id='word_1_126' title='bbox 720 970 896 1021; x_wconf 82' lang='lat' dir='ltr'><strong>turpiter,</strong></span> <span class='ocrx_word' id='word_1_127' title='bbox 924 981 1121 1021; x_wconf 89' lang='lat' dir='ltr'><strong>quamque</strong></span> <span class='ocrx_word' id='word_1_128' title='bbox 1144 968 1199 1006; x_wconf 88' lang='lat' dir='ltr'><strong>ita</strong></span> <span class='ocrx_word' id='word_1_129' title='bbox 1224 967 1354 1019; x_wconf 89' lang='lat' dir='ltr'><strong>perni-</strong></span> 
     </span>
     <span class='ocr_line' id='line_1_18' title="bbox 219 1021 1353 1076; baseline -0.003 -14"><span class='ocrx_word' id='word_1_130' title='bbox 219 1025 333 1072; x_wconf 88' lang='lat' dir='ltr'><strong>ciose,</strong></span> <span class='ocrx_word' id='word_1_131' title='bbox 358 1033 402 1063; x_wconf 91' lang='lat' dir='ltr'><strong>ut</strong></span> <span class='ocrx_word' id='word_1_132' title='bbox 430 1037 712 1076; x_wconf 88' lang='lat' dir='ltr'><strong>nonnunquam</strong></span> <span class='ocrx_word' id='word_1_133' title='bbox 737 1024 865 1063; x_wconf 88' lang='lat' dir='ltr'><strong>Caesar</strong></span> <span class='ocrx_word' id='word_1_134' title='bbox 894 1021 1166 1061; x_wconf 59' lang='lat' dir='ltr'><strong>desiderandus</strong></span> <span class='ocrx_word' id='word_1_135' title='bbox 1195 1034 1275 1060; x_wconf 89' lang='lat' dir='ltr'><strong>esse</strong></span> <span class='ocrx_word' id='word_1_136' title='bbox 1296 1021 1353 1060; x_wconf 87' lang='lat' dir='ltr'><strong>vi-</strong></span> 
     </span>
     <span class='ocr_line' id='line_1_19' title="bbox 217 1076 1352 1126; baseline -0.003 -9"><span class='ocrx_word' id='word_1_137' title='bbox 217 1078 367 1126; x_wconf 83' lang='lat' dir='ltr'><strong>deatur,</strong></span> <span class='ocrx_word' id='word_1_138' title='bbox 398 1078 510 1117; x_wconf 88' lang='lat' dir='ltr'><strong>facile</strong></span> <span class='ocrx_word' id='word_1_139' title='bbox 540 1079 788 1117; x_wconf 75' lang='lat' dir='ltr'><strong>existimabis.</strong></span> <span class='ocrx_word' id='word_1_140' title='bbox 820 1077 922 1126; x_wconf 84' lang='lat' dir='ltr'><strong>Quae</strong></span> <span class='ocrx_word' id='word_1_141' title='bbox 951 1077 1055 1115; x_wconf 90' lang='lat' dir='ltr'><strong>enim</strong></span> <span class='ocrx_word' id='word_1_142' title='bbox 1089 1076 1220 1115; x_wconf 53' lang='lat' dir='ltr'><strong>Ceasar</strong></span> <span class='ocrx_word' id='word_1_143' title='bbox 1248 1083 1352 1114; x_wconf 82' lang='lat' dir='ltr'><strong>nun-</strong></span> 
     </span>
     <span class='ocr_line' id='line_1_20' title="bbox 218 1133 1352 1194; baseline 0 -24"><span class='ocrx_word' id='word_1_144' title='bbox 218 1146 339 1184; x_wconf 91' lang='lat' dir='ltr'><strong>quam</strong></span> <span class='ocrx_word' id='word_1_145' title='bbox 358 1146 483 1194; x_wconf 78' lang='lat' dir='ltr'><strong>neque</strong></span> <span class='ocrx_word' id='word_1_146' title='bbox 511 1133 659 1172; x_wconf 83' lang='lat' dir='ltr'><strong>fecisset</strong></span> <span class='ocrx_word' id='word_1_147' title='bbox 675 1145 803 1194; x_wconf 80' lang='lat' dir='ltr'><strong>neque</strong></span> <span class='ocrx_word' id='word_1_148' title='bbox 827 1144 961 1184; x_wconf 89' lang='lat' dir='ltr'><strong>passus</strong></span> <span class='ocrx_word' id='word_1_149' title='bbox 980 1139 1092 1180; x_wconf 69' lang='lat' dir='ltr'><strong>oeset,</strong></span> <span class='ocrx_word' id='word_1_150' title='bbox 1112 1144 1157 1170; x_wconf 57' lang='lat' dir='ltr'><strong>&amp;a</strong></span> <span class='ocrx_word' id='word_1_151' title='bbox 1173 1143 1278 1170; x_wconf 87' lang='lat' dir='ltr'><strong>nunc</strong></span> <span class='ocrx_word' id='word_1_152' title='bbox 1302 1143 1352 1170; x_wconf 83' lang='lat' dir='ltr'><strong>ex</strong></span> 
     </span>
     <span class='ocr_line' id='line_1_21' title="bbox 218 1185 1354 1240; baseline -0.003 -15"><span class='ocrx_word' id='word_1_153' title='bbox 218 1187 325 1226; x_wconf 87' lang='lat' dir='ltr'><strong>falsis</strong></span> <span class='ocrx_word' id='word_1_154' title='bbox 341 1188 424 1237; x_wconf 88' lang='lat' dir='ltr'><strong>ejus</strong></span> <span class='ocrx_word' id='word_1_155' title='bbox 437 1188 720 1226; x_wconf 84' lang='lat' dir='ltr'><strong>commentariis</strong></span> <span class='ocrx_word' id='word_1_156' title='bbox 734 1187 992 1240; x_wconf 83' lang='lat' dir='ltr'><strong>proferuntur·</strong></span> <span class='ocrx_word' id='word_1_157' title='bbox 1017 1185 1107 1237; x_wconf 90' lang='lat' dir='ltr'><strong>Ego</strong></span> <span class='ocrx_word' id='word_1_158' title='bbox 1121 1192 1250 1224; x_wconf 81' lang='lat' dir='ltr'><strong>autem</strong></span> <span class='ocrx_word' id='word_1_159' title='bbox 1263 1185 1354 1223; x_wconf 84' lang='lat' dir='ltr'><strong>An-</strong></span> 
     </span>
     <span class='ocr_line' id='line_1_22' title="bbox 219 1239 1350 1293; baseline -0.001 -13"><span class='ocrx_word' id='word_1_160' title='bbox 219 1241 324 1280; x_wconf 88' lang='lat' dir='ltr'><strong>tonio</strong></span> <span class='ocrx_word' id='word_1_161' title='bbox 342 1241 572 1280; x_wconf 78' lang='lat' dir='ltr'><strong>facillimum</strong></span> <span class='ocrx_word' id='word_1_162' title='bbox 592 1255 656 1280; x_wconf 89' lang='lat' dir='ltr'><strong>me</strong></span> <span class='ocrx_word' id='word_1_163' title='bbox 684 1241 844 1293; x_wconf 88' lang='lat' dir='ltr'><strong>praebui.</strong></span> <span class='ocrx_word' id='word_1_164' title='bbox 879 1240 1041 1279; x_wconf 88' lang='lat' dir='ltr'><strong>Etenim</strong></span> <span class='ocrx_word' id='word_1_165' title='bbox 1065 1240 1146 1287; x_wconf 85' lang='lat' dir='ltr'><strong>ille,</strong></span> <span class='ocrx_word' id='word_1_166' title='bbox 1166 1239 1350 1292; x_wconf 87' lang='lat' dir='ltr'><strong>quoniam</strong></span> 
     </span>
     <span class='ocr_line' id='line_1_23' title="bbox 220 1293 1351 1347; baseline -0.002 -13"><span class='ocrx_word' id='word_1_167' title='bbox 220 1296 339 1334; x_wconf 88' lang='lat' dir='ltr'><strong>semel</strong></span> <span class='ocrx_word' id='word_1_168' title='bbox 356 1296 511 1334; x_wconf 79' lang='lat' dir='ltr'><strong>induxit</strong></span> <span class='ocrx_word' id='word_1_169' title='bbox 525 1297 716 1345; x_wconf 80' lang='lat' dir='ltr'><strong>animum,</strong></span> <span class='ocrx_word' id='word_1_170' title='bbox 730 1296 803 1335; x_wconf 90' lang='lat' dir='ltr'><strong>sibi</strong></span> <span class='ocrx_word' id='word_1_171' title='bbox 816 1296 929 1334; x_wconf 85' lang='lat' dir='ltr'><strong>licere</strong></span> <span class='ocrx_word' id='word_1_172' title='bbox 944 1294 1049 1347; x_wconf 89' lang='lat' dir='ltr'><strong>quod</strong></span> <span class='ocrx_word' id='word_1_173' title='bbox 1059 1294 1188 1342; x_wconf 79' lang='lat' dir='ltr'><strong>vellet,</strong></span> <span class='ocrx_word' id='word_1_174' title='bbox 1203 1293 1351 1332; x_wconf 85' lang='lat' dir='ltr'><strong>fecisset</strong></span> 
     </span>
     <span class='ocr_line' id='line_1_24' title="bbox 215 1348 1350 1402; baseline -0.003 -12"><span class='ocrx_word' id='word_1_175' title='bbox 215 1350 339 1390; x_wconf 80' lang='lat' dir='ltr'><strong>nihilo</strong></span> <span class='ocrx_word' id='word_1_176' title='bbox 357 1351 488 1389; x_wconf 88' lang='lat' dir='ltr'><strong>minus</strong></span> <span class='ocrx_word' id='word_1_177' title='bbox 506 1364 569 1388; x_wconf 89' lang='lat' dir='ltr'><strong>me</strong></span> <span class='ocrx_word' id='word_1_178' title='bbox 587 1351 719 1389; x_wconf 72' lang='lat' dir='ltr'><strong>inw&#39;to.</strong></span> <span class='ocrx_word' id='word_1_179' title='bbox 749 1352 890 1402; x_wconf 80' lang='lat' dir='ltr'><strong>Itaque</strong></span> <span class='ocrx_word' id='word_1_180' title='bbox 909 1362 1085 1388; x_wconf 85' lang='lat' dir='ltr'><strong>mearum</strong></span> <span class='ocrx_word' id='word_1_181' title='bbox 1098 1360 1254 1401; x_wconf 88' lang='lat' dir='ltr'><strong>quoque</strong></span> <span class='ocrx_word' id='word_1_182' title='bbox 1263 1348 1350 1387; x_wconf 86' lang='lat' dir='ltr'><strong>lite-</strong></span> 
     </span>
     <span class='ocr_line' id='line_1_25' title="bbox 218 1405 805 1457; baseline 0 -15"><span class='ocrx_word' id='word_1_183' title='bbox 218 1416 350 1443; x_wconf 86' lang='lat' dir='ltr'><strong>rarum</strong></span> <span class='ocrx_word' id='word_1_184' title='bbox 369 1405 458 1443; x_wconf 87' lang='lat' dir='ltr'><strong>misi</strong></span> <span class='ocrx_word' id='word_1_185' title='bbox 476 1405 548 1444; x_wconf 90' lang='lat' dir='ltr'><strong>tibi</strong></span> <span class='ocrx_word' id='word_1_186' title='bbox 567 1405 805 1457; x_wconf 83' lang='lat' dir='ltr'><strong>exemplum.</strong></span> 
     </span>
    </p>
   </div>
   <div class='ocr_carea' id='block_1_3' title="bbox 346 1513 1224 1563">
    <p class='ocr_par' dir='ltr' id='par_1_4' title="bbox 346 1513 1224 1563">
     <span class='ocr_line' id='line_1_26' title="bbox 346 1513 1224 1563; baseline -0.001 -11"><span class='ocrx_word' id='word_1_187' title='bbox 346 1514 374 1536; x_wconf 76' lang='lat'><strong>‘⁶&#39;</strong></span> <span class='ocrx_word' id='word_1_188' title='bbox 391 1514 602 1559; x_wconf 76' lang='lat' dir='ltr'><strong>Antonius,</strong></span> <span class='ocrx_word' id='word_1_189' title='bbox 629 1515 788 1563; x_wconf 77' lang='lat' dir='ltr'><strong>Consul,</strong></span> <span class='ocrx_word' id='word_1_190' title='bbox 810 1514 853 1552; x_wconf 90' lang='lat' dir='ltr'><strong>S.</strong></span> <span class='ocrx_word' id='word_1_191' title='bbox 868 1514 924 1551; x_wconf 91' lang='lat' dir='ltr'><strong>D.</strong></span> <span class='ocrx_word' id='word_1_192' title='bbox 938 1513 1007 1550; x_wconf 90' lang='lat' dir='ltr'><strong>M.</strong></span> <span class='ocrx_word' id='word_1_193' title='bbox 1028 1513 1224 1552; x_wconf 79' lang='lat' dir='ltr'><strong>Ciceroni.</strong></span> 
     </span>
    </p>
   </div>
   <div class='ocr_carea' id='block_1_4' title="bbox 212 1619 1357 2218">
    <p class='ocr_par' dir='ltr' id='par_1_5' title="bbox 212 1619 1357 2218">
     <span class='ocr_line' id='line_1_27' title="bbox 276 1619 1352 1674; baseline 0 -13"><span class='ocrx_word' id='word_1_194' title='bbox 276 1624 305 1644; x_wconf 72' lang='lat'><strong>‘⁶</strong></span> <span class='ocrx_word' id='word_1_195' title='bbox 325 1621 654 1674; x_wconf 79' lang='lat' dir='ltr'><strong>occupationibus</strong></span> <span class='ocrx_word' id='word_1_196' title='bbox 680 1630 738 1661; x_wconf 87' lang='lat' dir='ltr'><strong>est</strong></span> <span class='ocrx_word' id='word_1_197' title='bbox 761 1621 909 1660; x_wconf 84' lang='lat' dir='ltr'><strong>factum</strong></span> <span class='ocrx_word' id='word_1_198' title='bbox 933 1620 1044 1667; x_wconf 87' lang='lat' dir='ltr'><strong>meis,</strong></span> <span class='ocrx_word' id='word_1_199' title='bbox 1064 1628 1103 1659; x_wconf 89' lang='lat' dir='ltr'><strong>et</strong></span> <span class='ocrx_word' id='word_1_200' title='bbox 1130 1619 1258 1660; x_wconf 51' lang='lat' dir='ltr'><strong>subita</strong></span> <span class='ocrx_word' id='word_1_201' title='bbox 1282 1620 1352 1661; x_wconf 58' lang='lat' dir='ltr'><strong>tua</strong></span> 
     </span>
     <span class='ocr_line' id='line_1_28' title="bbox 221 1675 1353 1728; baseline -0.001 -14"><span class='ocrx_word' id='word_1_202' title='bbox 221 1675 467 1728; x_wconf 80' lang='lat' dir='ltr'><strong>profectione,</strong></span> <span class='ocrx_word' id='word_1_203' title='bbox 484 1690 533 1716; x_wconf 88' lang='lat' dir='ltr'><strong>ne</strong></span> <span class='ocrx_word' id='word_1_204' title='bbox 544 1686 673 1716; x_wconf 90' lang='lat' dir='ltr'><strong>tecum</strong></span> <span class='ocrx_word' id='word_1_205' title='bbox 688 1690 816 1715; x_wconf 88' lang='lat' dir='ltr'><strong>coram</strong></span> <span class='ocrx_word' id='word_1_206' title='bbox 828 1675 876 1713; x_wconf 90' lang='lat' dir='ltr'><strong>de</strong></span> <span class='ocrx_word' id='word_1_207' title='bbox 888 1676 959 1714; x_wconf 82' lang='lat' dir='ltr'><strong>hac</strong></span> <span class='ocrx_word' id='word_1_208' title='bbox 970 1688 1011 1713; x_wconf 89' lang='lat' dir='ltr'><strong>re</strong></span> <span class='ocrx_word' id='word_1_209' title='bbox 1023 1688 1189 1727; x_wconf 85' lang='lat' dir='ltr'><strong>agerem.</strong></span> <span class='ocrx_word' id='word_1_210' title='bbox 1217 1675 1353 1723; x_wconf 86' lang='lat' dir='ltr'><strong>Quam</strong></span> 
     </span>
     <span class='ocr_line' id='line_1_29' title="bbox 220 1729 1353 1782; baseline 0.001 -14"><span class='ocrx_word' id='word_1_211' title='bbox 220 1732 272 1768; x_wconf 91' lang='lat' dir='ltr'><strong>ob</strong></span> <span class='ocrx_word' id='word_1_212' title='bbox 290 1743 447 1769; x_wconf 82' lang='lat' dir='ltr'><strong>causam</strong></span> <span class='ocrx_word' id='word_1_213' title='bbox 462 1744 605 1779; x_wconf 73' lang='lat' dir='ltr'><strong>vereor,</strong></span> <span class='ocrx_word' id='word_1_214' title='bbox 627 1743 675 1770; x_wconf 89' lang='lat' dir='ltr'><strong>ne</strong></span> <span class='ocrx_word' id='word_1_215' title='bbox 689 1730 861 1770; x_wconf 84' lang='lat' dir='ltr'><strong>absentia</strong></span> <span class='ocrx_word' id='word_1_216' title='bbox 878 1743 966 1768; x_wconf 84' lang='lat' dir='ltr'><strong>mea</strong></span> <span class='ocrx_word' id='word_1_217' title='bbox 983 1730 1103 1768; x_wconf 83' lang='lat' dir='ltr'><strong>levior</strong></span> <span class='ocrx_word' id='word_1_218' title='bbox 1121 1729 1171 1768; x_wconf 90' lang='lat' dir='ltr'><strong>sit</strong></span> <span class='ocrx_word' id='word_1_219' title='bbox 1184 1729 1290 1782; x_wconf 87' lang='lat' dir='ltr'><strong>apud</strong></span> <span class='ocrx_word' id='word_1_220' title='bbox 1302 1737 1353 1769; x_wconf 78' lang='lat' dir='ltr'><strong>te.</strong></span> 
     </span>
     <span class='ocr_line' id='line_1_30' title="bbox 222 1783 1354 1836; baseline 0 -14"><span class='ocrx_word' id='word_1_221' title='bbox 222 1784 342 1832; x_wconf 85' lang='lat' dir='ltr'><strong>Quod</strong></span> <span class='ocrx_word' id='word_1_222' title='bbox 371 1786 403 1824; x_wconf 87' lang='lat' dir='ltr'><strong>si</strong></span> <span class='ocrx_word' id='word_1_223' title='bbox 425 1786 575 1824; x_wconf 76' lang='lat' dir='ltr'><strong>bonitas</strong></span> <span class='ocrx_word' id='word_1_224' title='bbox 602 1793 670 1823; x_wconf 88' lang='lat' dir='ltr'><strong>tua</strong></span> <span class='ocrx_word' id='word_1_225' title='bbox 691 1784 929 1836; x_wconf 89' lang='lat' dir='ltr'><strong>responderit</strong></span> <span class='ocrx_word' id='word_1_226' title='bbox 949 1784 1095 1834; x_wconf 85' lang='lat' dir='ltr'><strong>judicio</strong></span> <span class='ocrx_word' id='word_1_227' title='bbox 1119 1796 1221 1832; x_wconf 81' lang='lat' dir='ltr'><strong>meo,</strong></span> <span class='ocrx_word' id='word_1_228' title='bbox 1248 1783 1354 1836; x_wconf 89' lang='lat' dir='ltr'><strong>quod</strong></span> 
     </span>
     <span class='ocr_line' id='line_1_31' title="bbox 222 1838 1355 1891; baseline 0 -16"><span class='ocrx_word' id='word_1_229' title='bbox 222 1851 371 1890; x_wconf 85' lang='lat' dir='ltr'><strong>semper</strong></span> <span class='ocrx_word' id='word_1_230' title='bbox 395 1839 516 1878; x_wconf 87' lang='lat' dir='ltr'><strong>habui</strong></span> <span class='ocrx_word' id='word_1_231' title='bbox 545 1840 593 1878; x_wconf 91' lang='lat' dir='ltr'><strong>de</strong></span> <span class='ocrx_word' id='word_1_232' title='bbox 622 1848 674 1887; x_wconf 91' lang='lat' dir='ltr'><strong>te,</strong></span> <span class='ocrx_word' id='word_1_233' title='bbox 698 1839 887 1891; x_wconf 87' lang='lat' dir='ltr'><strong>gaudebo.</strong></span> <span class='ocrx_word' id='word_1_234' title='bbox 922 1838 966 1876; x_wconf 84' lang='lat' dir='ltr'><strong>A</strong></span> <span class='ocrx_word' id='word_1_235' title='bbox 998 1838 1148 1878; x_wconf 87' lang='lat' dir='ltr'><strong>Caesare</strong></span> <span class='ocrx_word' id='word_1_236' title='bbox 1176 1838 1283 1890; x_wconf 79' lang='lat' dir='ltr'><strong>petii,</strong></span> <span class='ocrx_word' id='word_1_237' title='bbox 1310 1845 1355 1875; x_wconf 91' lang='lat' dir='ltr'><strong>ut</strong></span> 
     </span>
     <span class='ocr_line' id='line_1_32' title="bbox 220 1891 1353 1955; baseline -0.002 -23"><span class='ocrx_word' id='word_1_238' title='bbox 220 1893 311 1932; x_wconf 81' lang='lat' dir='ltr'><strong>Sex.</strong></span> <span class='ocrx_word' id='word_1_239' title='bbox 336 1893 518 1933; x_wconf 88' lang='lat' dir='ltr'><strong>Clodium</strong></span> <span class='ocrx_word' id='word_1_240' title='bbox 546 1894 783 1932; x_wconf 81' lang='lat' dir='ltr'><strong>restitueret:</strong></span> <span class='ocrx_word' id='word_1_241' title='bbox 813 1893 1029 1955; x_wconf 76' lang='lat' dir='ltr'><strong>impetravi.</strong></span> <span class='ocrx_word' id='word_1_242' title='bbox 1072 1893 1171 1931; x_wconf 87' lang='lat' dir='ltr'><strong>Erat</strong></span> <span class='ocrx_word' id='word_1_243' title='bbox 1196 1892 1294 1930; x_wconf 91' lang='lat' dir='ltr'><strong>mihi</strong></span> <span class='ocrx_word' id='word_1_244' title='bbox 1311 1891 1353 1930; x_wconf 90' lang='lat' dir='ltr'><strong>in</strong></span> 
     </span>
     <span class='ocr_line' id='line_1_33' title="bbox 221 1947 1356 1996; baseline 0.001 -12"><span class='ocrx_word' id='word_1_245' title='bbox 221 1947 352 1985; x_wconf 81' lang='lat' dir='ltr'><strong>animo</strong></span> <span class='ocrx_word' id='word_1_246' title='bbox 370 1948 485 1987; x_wconf 85' lang='lat' dir='ltr'><strong>etiam</strong></span> <span class='ocrx_word' id='word_1_247' title='bbox 504 1955 589 1986; x_wconf 89' lang='lat' dir='ltr'><strong>tum</strong></span> <span class='ocrx_word' id='word_1_248' title='bbox 610 1948 662 1987; x_wconf 90' lang='lat' dir='ltr'><strong>sic</strong></span> <span class='ocrx_word' id='word_1_249' title='bbox 682 1948 741 1986; x_wconf 88' lang='lat' dir='ltr'><strong>uti</strong></span> <span class='ocrx_word' id='word_1_250' title='bbox 758 1947 943 1987; x_wconf 83' lang='lat' dir='ltr'><strong>beneficio</strong></span> <span class='ocrx_word' id='word_1_251' title='bbox 961 1948 1059 1996; x_wconf 88' lang='lat' dir='ltr'><strong>ejus,</strong></span> <span class='ocrx_word' id='word_1_252' title='bbox 1079 1947 1112 1985; x_wconf 87' lang='lat' dir='ltr'><strong>si</strong></span> <span class='ocrx_word' id='word_1_253' title='bbox 1138 1955 1181 1984; x_wconf 87' lang='lat' dir='ltr'><strong>tu</strong></span> <span class='ocrx_word' id='word_1_254' title='bbox 1204 1958 1356 1985; x_wconf 58' lang='lat' dir='ltr'><strong>conces-</strong></span> 
     </span>
     <span class='ocr_line' id='line_1_34' title="bbox 218 2000 1354 2054; baseline -0.003 -13"><span class='ocrx_word' id='word_1_255' title='bbox 218 2001 355 2041; x_wconf 78' lang='lat' dir='ltr'><strong>sisses:</strong></span> <span class='ocrx_word' id='word_1_256' title='bbox 386 2016 464 2054; x_wconf 93' lang='lat' dir='ltr'><strong>quo</strong></span> <span class='ocrx_word' id='word_1_257' title='bbox 481 2003 606 2054; x_wconf 87' lang='lat' dir='ltr'><strong>magis</strong></span> <span class='ocrx_word' id='word_1_258' title='bbox 623 2003 770 2050; x_wconf 84' lang='lat' dir='ltr'><strong>laboro,</strong></span> <span class='ocrx_word' id='word_1_259' title='bbox 791 2010 836 2040; x_wconf 90' lang='lat' dir='ltr'><strong>ut</strong></span> <span class='ocrx_word' id='word_1_260' title='bbox 854 2002 924 2040; x_wconf 84' lang='lat' dir='ltr'><strong>tua</strong></span> <span class='ocrx_word' id='word_1_261' title='bbox 942 2002 1138 2040; x_wconf 78' lang='lat' dir='ltr'><strong>voluntate</strong></span> <span class='ocrx_word' id='word_1_262' title='bbox 1151 2000 1192 2039; x_wconf 91' lang='lat' dir='ltr'><strong>id</strong></span> <span class='ocrx_word' id='word_1_263' title='bbox 1209 2013 1277 2052; x_wconf 88' lang='lat' dir='ltr'><strong>per</strong></span> <span class='ocrx_word' id='word_1_264' title='bbox 1290 2012 1354 2038; x_wconf 88' lang='lat' dir='ltr'><strong>me</strong></span> 
     </span>
     <span class='ocr_line' id='line_1_35' title="bbox 212 2054 1354 2105; baseline -0.001 -12"><span class='ocrx_word' id='word_1_265' title='bbox 212 2055 343 2098; x_wconf 59' lang='lat' dir='ltr'><strong>,facere</strong></span> <span class='ocrx_word' id='word_1_266' title='bbox 361 2069 465 2095; x_wconf 89' lang='lat' dir='ltr'><strong>nunc</strong></span> <span class='ocrx_word' id='word_1_267' title='bbox 481 2057 607 2096; x_wconf 86' lang='lat' dir='ltr'><strong>liceat.</strong></span> <span class='ocrx_word' id='word_1_268' title='bbox 647 2056 767 2104; x_wconf 85' lang='lat' dir='ltr'><strong>Quod</strong></span> <span class='ocrx_word' id='word_1_269' title='bbox 785 2056 818 2094; x_wconf 88' lang='lat' dir='ltr'><strong>si</strong></span> <span class='ocrx_word' id='word_1_270' title='bbox 836 2055 1030 2095; x_wconf 85' lang='lat' dir='ltr'><strong>duriorem</strong></span> <span class='ocrx_word' id='word_1_271' title='bbox 1049 2063 1087 2094; x_wconf 78' lang='lat' dir='ltr'><strong>te</strong></span> <span class='ocrx_word' id='word_1_272' title='bbox 1106 2056 1189 2105; x_wconf 88' lang='lat' dir='ltr'><strong>ejus</strong></span> <span class='ocrx_word' id='word_1_273' title='bbox 1204 2054 1354 2093; x_wconf 81' lang='lat' dir='ltr'><strong>miserae</strong></span> 
     </span>
     <span class='ocr_line' id='line_1_36' title="bbox 221 2107 1357 2162; baseline -0.003 -13"><span class='ocrx_word' id='word_1_274' title='bbox 221 2117 261 2149; x_wconf 88' lang='lat' dir='ltr'><strong>et</strong></span> <span class='ocrx_word' id='word_1_275' title='bbox 282 2109 434 2150; x_wconf 79' lang='lat' dir='ltr'><strong>afflietae</strong></span> <span class='ocrx_word' id='word_1_276' title='bbox 452 2111 617 2151; x_wconf 73' lang='lat' dir='ltr'><strong>fortunae</strong></span> <span class='ocrx_word' id='word_1_277' title='bbox 634 2112 807 2162; x_wconf 65' lang='lat' dir='ltr'><strong>praeboe·</strong></span> <span class='ocrx_word' id='word_1_278' title='bbox 837 2123 917 2148; x_wconf 90' lang='lat' dir='ltr'><strong>non</strong></span> <span class='ocrx_word' id='word_1_279' title='bbox 939 2110 1168 2149; x_wconf 83' lang='lat' dir='ltr'><strong>contendam</strong></span> <span class='ocrx_word' id='word_1_280' title='bbox 1193 2121 1264 2160; x_wconf 80' lang='lat' dir='ltr'><strong>ego</strong></span> <span class='ocrx_word' id='word_1_281' title='bbox 1287 2107 1357 2146; x_wconf 80' lang='lat' dir='ltr'><strong>ad-</strong></span> 
     </span>
     <span class='ocr_line' id='line_1_37' title="bbox 224 2163 1357 2218; baseline -0.001 -16"><span class='ocrx_word' id='word_1_282' title='bbox 224 2176 355 2204; x_wconf 80' lang='lat' dir='ltr'><strong>versus</strong></span> <span class='ocrx_word' id='word_1_283' title='bbox 373 2173 435 2204; x_wconf 88' lang='lat' dir='ltr'><strong>te:</strong></span> <span class='ocrx_word' id='word_1_284' title='bbox 466 2178 708 2218; x_wconf 86' lang='lat' dir='ltr'><strong>quamquam</strong></span> <span class='ocrx_word' id='word_1_285' title='bbox 728 2164 857 2204; x_wconf 83' lang='lat' dir='ltr'><strong>videor</strong></span> <span class='ocrx_word' id='word_1_286' title='bbox 878 2164 1016 2204; x_wconf 86' lang='lat' dir='ltr'><strong>debere</strong></span> <span class='ocrx_word' id='word_1_287' title='bbox 1042 2163 1141 2204; x_wconf 88' lang='lat' dir='ltr'><strong>tueri</strong></span> <span class='ocrx_word' id='word_1_288' title='bbox 1161 2175 1357 2203; x_wconf 82' lang='lat' dir='ltr'><strong>commen·</strong></span> 
     </span>
    </p>
   </div>
  </div>
 </body>
</html>
