1487 2432
344 95 428 134 AD
456 95 744 135 ATTIGUM.
775 95 876 134 Lm.
897 96 975 135 IX.
1006 98 1044 135 6.
1228 99 1255 135 9

182 201 332 254 Scripta
355 204 440 252 jam
470 204 644 255 epistola,
676 202 812 255 Capua
841 204 961 243 literae
991 211 1081 243 sunt
1111 204 1253 252 allatae,

128 255 200 294 hoc
219 257 396 307 exemplo
411 272 421 295 ε

182 313 212 332 “
233 310 441 361 Pompeius
459 324 566 350 mare
583 312 731 350 transiit
750 325 839 351 cum
858 313 1037 351 omnibus
1063 311 1259 350 militibus-

128 376 225 413 quos
244 377 373 402 secum
391 365 539 404 habuit.
571 366 649 404 Hic
668 379 852 404 numerus
872 375 927 405 est
944 366 1149 404 hominum
1160 366 1252 402 mil-

127 417 180 455 lia
198 417 351 464 XXX;
382 426 419 457 et
437 420 624 467 consules,
648 421 725 458 duo
745 429 781 458 et
810 420 955 459 tribuni
978 420 1116 471 plebis,
1138 427 1175 457 et
1194 432 1251 457 se-

125 478 275 510 natorae
308 472 377 524 qui
405 473 562 511 fuerunt
584 486 675 512 cum
703 487 760 521 eo,
785 487 918 512 omnes
946 487 1034 512 eum
1064 473 1252 511 uxoribus

127 532 165 562 et
182 525 322 564 liberis.
354 525 628 566 Conscendisse
643 527 783 566 dicitur
794 542 828 566 a.
842 529 880 566 d.
897 528 960 566 IV
981 529 1116 566 Nonas
1129 527 1252 564 Mart.

125 579 193 616 Ex
212 580 256 618 e'a
271 580 332 618 die
349 581 459 619 fuere
484 581 782 632 Septemtriones
800 582 917 621 venti.
944 583 985 620 N
988 594 1088 628 aves,
1109 580 1251 632 quibus

124 646 217 671 usus
249 646 326 672 non
357 642 427 683 est,
454 648 586 673 omnes
611 643 678 673 aut
709 636 923 687 praecidisse
950 643 1017 674 aut
1040 634 1253 673 incendisse

124 686 270 725 dicunt.
296 688 360 726 De
377 689 449 728 hac
467 702 507 727 re
524 689 644 727 literae
671 690 720 727 L.
739 690 916 738 Metello,
937 690 1093 727 tribuno
1110 688 1249 740 plebis,

125 740 303 792 Capuam
333 743 458 781 allatae
496 751 586 782 sunt
621 745 670 783 ab
710 743 848 784 Clodia
885 756 1008 791 socru,
1047 756 1135 794 quae
1165 742 1252 793 ipsa

125 796 318 835 transiit-'⁹

179 849 285 889 Ante
301 851 484 890 sollicitus
504 864 623 901 eram,
647 860 684 891 et
714 854 896 904 angebar,
917 852 1015 891 sieut
1033 864 1091 889 res
1110 849 1252 889 scilicet

124 903 207 955 ipsa
232 907 404 956 cogebat,
436 919 525 944 cum
549 906 705 944 consilio
733 906 922 958 explicare
946 906 1045 944 nihil
1069 917 1222 956 possem
1237 918 1249 941 ι

124 970 228 996 nunc
260 967 405 1007 autem,
435 968 641 1012 postquam
675 961 886 1012 Pompeius
924 968 961 998 et
998 960 1170 998 consules
1202 971 1251 996 ex

124 1012 239 1051 Italia
257 1013 446 1062 exierunt,
467 1027 544 1052 non
563 1027 697 1066 angor,
718 1016 785 1053 sed
803 1015 917 1053 ardeo
936 1014 1092 1053 dolore:

240 1130 720 1141 ..........................
737 1101 824 1139 Ουὲε
845 1117 904 1151 μοι
926 1116 1013 1151 πτερ

229 1156 406 1203 Εμπεὸον,
428 1157 514 1193 αλλ’
538 1163 816 1204 αλαλυκτημαι.

121 1229 214 1267 Non
246 1242 350 1276 sum,
383 1230 560 1281 inquam,
591 1228 708 1281 (mihi
736 1229 862 1279 crede)
893 1230 1034 1269 mentis
1058 1243 1214 1282 compos
1230 1245 1243 1276 ς

118 1292 270 1322 tantum
302 1283 401 1321 mihi
434 1284 626 1322 dedecoris
659 1284 857 1322 admisisse
887 1284 1028 1323 videor.
1058 1285 1130 1323 Me
1166 1297 1244 1323 non

117 1338 290 1389 primum
319 1351 411 1376 cum
440 1338 642 1389 Pompeio,
673 1338 948 1389 qualicumque
977 1339 1133 1377 consilio
1158 1351 1243 1387 uso,

116 1392 253 1430 deinde
272 1405 361 1430 eum
380 1392 504 1440 bonis,
527 1405 620 1438 esse,
642 1393 818 1443 quamvis
839 1393 953 1430 causa
972 1401 1114 1431 temere
1132 1392 1244 1439 insti-

116 1447 201 1484 tuta
215 1449 232 1484 ?
261 1446 473 1498 praesertim
485 1459 575 1484 cum
593 1446 622 1483 ii
640 1446 728 1498 ipsi,
745 1459 913 1498 quorum
928 1460 997 1498 ego
1012 1447 1126 1485 causa
1139 1447 1248 1484 timi-

115 1500 202 1538 dius
220 1514 285 1539 me
302 1501 466 1539 fortunae
479 1500 781 1548 committebam,
798 1513 909 1547 uxor,
925 1501 1019 1549 filia,
1040 1501 1242 1540 Cicerones

115 1555 239 1606 pueri,
259 1567 322 1593 me
340 1555 438 1593 illud
457 1554 566 1606 sequi
584 1555 745 1593 mallent
762 1569 772 1592 ι
803 1554 874 1593 hoc
894 1562 1020 1606 turpe,
1043 1563 1080 1593 et
1098 1567 1161 1593 me
1180 1555 1243 1592 in-

115 1609 278 1660 dignum
286 1616 476 1660 putarent.
511 1609 618 1646 Nam
631 1608 803 1656 Quintus
815 1608 972 1660 quidem
986 1609 1117 1656 frater,
1128 1609 1244 1660 quid-

116 1662 210 1715 quid
231 1663 329 1701 mihi
361 1663 540 1714 placeret,
571 1663 613 1700 id
634 1671 781 1701 rectum
800 1676 839 1701 se
856 1670 993 1715 putare
1018 1663 1143 1701 aiebat
1160 1677 1173 1708 3
1202 1663 1243 1701 id

115 1718 246 1756 animo
265 1717 484 1769 aequissimo
503 1718 744 1769 sequebatur.

170 1772 281 1810 Tuas
300 1784 402 1810 nunc
422 1771 599 1823 epistolas
630 1785 653 1809 a
671 1771 797 1822 primo
815 1772 915 1823 lego.
946 1771 1024 1810 Hae
1053 1785 1117 1810 me
1145 1785 1245 1823 pau-

115 1826 200 1872 lum
218 1834 400 1865 recreant.
430 1825 574 1864 Primae
602 1833 762 1863 monent
780 1834 818 1864 et
836 1836 986 1876 rogant,
1005 1839 1054 1864 ne
1073 1839 1136 1864 me
1154 1840 1245 1878 pro-

110 1879 256 1930 jiciam.
286 1880 482 1918 Proximae
507 1887 544 1918 te
573 1880 740 1931 gaudere
759 1880 979 1928 ostendunt,
1000 1893 1063 1918 me
1088 1893 1242 1918 reman-

115 1934 218 1973 sisse.
247 1935 328 1973 Eas
353 1948 444 1973 cum
468 1935 569 1985 lego,
596 1934 726 1972 minus
743 1934 842 1971 mihi
866 1934 990 1985 turpis
1009 1934 1152 1981 videor,
1174 1935 1241 1972 sed

115 1995 195 2027 tam
213 1988 295 2037 diu,
310 1989 405 2027 dum
423 1990 534 2040 lego:
566 1988 704 2026 deinde
719 1988 879 2039 emergit
892 2001 1047 2025 rursum
1066 1987 1187 2035 dolor,
1203 1998 1240 2027 et

113 2058 268 2094 αισχρου
289 2051 489 2086 <canoto-coz.
516 2043 800 2091 Quamobrem,
816 2044 969 2080 obsecro
989 2051 1039 2089 te,
1055 2042 1112 2079 mi
1132 2042 1238 2091 Tite,

113 2096 216 2147 eripe
236 2096 334 2135 mihi
351 2097 456 2136 hunc
474 2097 659 2144 dolorem,
679 2105 746 2135 aut
760 2097 893 2134 minue
907 2096 1057 2145 saltem,
1071 2104 1138 2134 aut
1150 2109 1240 2134 con-

116 2150 312 2198 solatione,
327 2160 395 2189 aut
406 2151 577 2198 consilio,
591 2159 659 2189 aut
671 2151 918 2202 quacumque
930 2163 970 2188 re
983 2159 1104 2202 potes.
1133 2150 1244 2198 Quid

114 2212 158 2242 tu
183 2212 313 2243 autem
342 2205 496 2257 possis?
528 2217 594 2244 aut
622 2205 720 2256 quid
750 2205 867 2243 homo
900 2204 1142 2256 quisquam?
1172 2204 1239 2242 vix

114 2257 222 2297 Deus
238 2259 333 2309 jam.
