1498 2401
289 109 369 147 AD
398 109 680 148 ATTICUM.
711 108 812 146 Lus.
833 107 952 147 XVI.
982 107 1020 143 4.
1147 103 1228 141 243

106 223 206 264 tum,
233 224 270 255 et
289 216 489 265 Hilarum,
511 230 641 264 suum,
658 217 805 256 venisse
823 229 847 255 a
865 217 984 255 Sexto
1002 226 1093 252 cum
1110 210 1231 252 literis

104 269 155 308 ad
173 271 359 319 consules,
379 271 458 310 sive
475 285 553 324 quo
578 272 653 311 alio
678 271 834 309 nomine
852 277 953 309 sunt.
991 268 1142 307 Earum
1162 279 1230 306 ex-

58 375 60 377 ·
106 324 281 376 emplum
291 325 403 364 nobis
420 326 527 377 legit,
544 325 597 375 [si
613 326 728 377 quid]
746 325 948 363 videretur.
979 323 1110 361 Pauca
1129 336 1231 372 παρα

106 380 236 428 λεξινε
265 381 482 432 caeteroqui,
511 388 547 419 et
569 380 659 419 satis
678 380 857 432 graviter,
878 386 915 416 et
933 390 1011 416 non
1031 383 1230 415 contuma-

105 431 208 470 citer.
238 433 414 472 Tantum
433 434 524 472 addi
546 434 706 486 placuit,
727 434 833 486 quod
852 440 931 472 erat
955 434 983 454 “
1007 430 1141 470 Coss.'’
1170 441 1230 467 so-

104 486 206 535 lum,
224 494 270 525 ut
288 495 397 536 esset,
421 490 449 511 ‘⁶
466 489 600 527 Praett.
621 488 736 527 tribb.
756 488 859 539 pleb.
882 485 1081 531 senatui;’'
1110 497 1159 522 ne
1172 482 1230 521 illi

105 551 184 578 non
202 542 415 593 proferrent
433 556 509 591 eas,
531 556 618 595 quae
637 542 686 581 ad
703 542 805 594 ipsos
822 541 949 580 missae
968 546 1102 579 essent.
1138 582 1149 590 ‚

161 595 324 634 Sextum
346 604 476 635 autem
502 598 685 635 nuntiant
707 609 797 636 cum
823 596 904 634 una
933 595 1059 633 solum
1081 591 1233 643 legione

105 647 224 688 fuisse
244 649 503 702 Carthagine:
537 652 662 703 eique,
683 665 727 690 eo
749 651 834 702 ipso
864 650 925 688 die
943 661 1021 700 quo
1040 646 1229 699 oppidum

103 702 273 742 Boream
298 705 470 757 cepisset,
494 706 717 744 nuntiatum
743 718 822 744 osse
844 705 891 743 de
915 704 1091 743 caesare:
1122 706 1233 751 capto

103 757 260 809 oppido,
286 759 426 798 miram
445 760 618 798 laetitiam
645 759 1065 809 commutationemque
1084 755 1232 794 animo-

103 824 208 861 rum,
238 825 542 866 concursumque
564 814 761 866 undique:
792 813 859 852 sed
876 813 990 851 illum
1019 810 1069 849 ad
1087 822 1154 848 sex
1177 809 1233 846 le-

103 865 249 916 giones,
270 881 366 919 quas
393 868 433 906 in
457 869 635 907 ulteriore
659 868 888 919 reliquisset,
916 865 1127 905 revertisse.
1163 862 1231 901 Ad

102 919 234 971 ipsum
252 928 382 960 autem
398 922 591 961 Libonem
609 922 771 974 scripsit,
783 922 882 960 nihil
901 934 993 968 esse,
1013 918 1088 958 nisi
1107 917 1157 956 ad
1173 917 1231 955 la-

102 986 185 1012 rem
212 989 327 1014 suum
352 977 492 1015 liceret.
522 977 687 1016 Summa
711 976 1006 1028 postulatorum,
1026 981 1072 1011 ut
1096 984 1230 1011 omnes

104 1030 291 1068 exercitus
327 1031 586 1078 dimittantur,
614 1031 683 1083 qui
710 1030 856 1082 ubique
885 1029 973 1068 sint.
1023 1027 1122 1065 Haec
1152 1026 1232 1064 fere

105 1082 154 1121 de
172 1084 301 1122 Sexto.

159 1137 223 1176 De
240 1139 455 1178 Buthrotiis
474 1140 646 1191 undique
665 1151 854 1191 quaerens,
867 1137 966 1176 nihil
978 1135 1230 1188 reperiebam.

105 1191 202 1241 Alii,
241 1193 408 1232 concisos
441 1195 656 1246 agripetasg
705 1193 784 1241 alii,
824 1193 1030 1238 Plancum,
1069 1188 1232 1240 acceptis

104 1247 292 1295 nummis,
322 1247 462 1286 relictis
492 1249 583 1294 illis,
611 1248 817 1299 aufugisse.
852 1247 993 1298 Itaque
1020 1256 1098 1282 non
1120 1242 1232 1281 video

104 1299 291 1339 sciturum
310 1314 388 1350 me,
408 1302 503 1354 quid
531 1304 614 1352 ejus
634 1302 697 1349 sit,
724 1302 765 1340 ni
788 1301 919 1340 statim
939 1298 1086 1351 aliquid
1103 1297 1233 1336 litera-

64 1398 67 1402 ,
104 1367 206 1393 rum.

158 1409 239 1448 Iter
269 1409 369 1448 illud
386 1410 658 1458 Brundisium,
678 1410 726 1448 de
745 1423 823 1462 quo
842 1409 1082 1453 dubitabam,
1100 1406 1231 1444 subla-

103 1470 191 1501 tum
220 1464 371 1502 videtur
387 1479 396 1502 :
446 1466 615 1517 legiones
653 1465 757 1503 enim
793 1464 998 1502 adventare
1035 1461 1230 1499 dicuntur.

105 1517 204 1556 Haec
221 1526 351 1557 autem
370 1519 564 1571 navigatio
581 1520 698 1558 habet
712 1519 899 1571 quasdam
915 1516 1146 1568 suspiciones
1164 1527 1232 1566 pe-

103 1571 215 1610 riculi
231 1587 242 1610 ε
273 1573 404 1625 itaque
432 1574 708 1612 constituebam
736 1573 795 1611 uti
821 1575 1014 1620 ὅμοπῑ-.ωᾳ.
1059 1569 1233 1608 Paratio-

103 1639 187 1664 rem
205 1626 348 1665 offendi
365 1628 551 1676 Brutum,
573 1641 691 1679 quam
711 1627 928 1666 audiebam.
968 1625 1078 1663 Nam
1095 1631 1132 1662 et
1150 1623 1234 1674 ipse

105 1679 304 1719 Domitius
321 1683 424 1720 bona
440 1683 556 1734 plane
568 1683 685 1720 habet
703 1681 872 1720 dicrota:
895 1687 1061 1730 suntque
1079 1677 1233 1728 navigia

103 1742 287 1785 praeterea
298 1735 495 1775 luculenta
509 1736 644 1784 Sextii,
661 1735 869 1783 Buciliani,
883 1742 1123 1773 caeterorum:
1140 1744 1234 1770 nam

106 1788 231 1827 Cassii
248 1789 532 1843 classexn„quae
550 1791 665 1843 plane
682 1791 785 1829 bella
804 1797 874 1837 est,
894 1800 972 1826 non
991 1799 1152 1825 numero
1171 1785 1234 1823 ul-

104 1848 165 1881 tra
181 1843 339 1882 fretum.
367 1845 476 1882 Illud
494 1852 549 1883 est
562 1844 659 1883 mihi
671 1844 964 1890 submolestum,
978 1840 1082 1893 quod
1093 1852 1235 1892 parum

104 1896 254 1936 Brutus
270 1911 474 1950 properare
490 1899 653 1938 videtur.
687 1899 869 1937 Primum
888 1896 1147 1935 confectorum
1167 1894 1234 1931 Iu-

105 1950 244 1990 dorum
262 1953 418 1991 nuntios
434 1961 645 2005 exspectat:
667 1953 819 2000 deinde,
837 1958 1028 2004 quantum
1042 1948 1233 1999 intelligo,

105 2006 212 2045 tarde
245 2014 300 2045 est
328 2007 592 2059 navigaturus,
623 2007 828 2046 consistens
852 2007 894 2043 in
922 2005 1014 2043 locis
1040 2003 1231 2055 pluribus.

106 2058 259 2098 Tamen
274 2061 436 2099 arbitror
449 2075 530 2101 esse
541 2062 779 2101 commodius
787 2061 895 2099 tarde
908 2059 1101 2110 navigare,
1112 2068 1232 2108 quam

104 2115 263 2153 omnino
276 2127 355 2154 non
373 2116 577 2168 navigare:
607 2124 658 2164 et,
675 2116 720 2162 si,
734 2129 825 2154 cum
836 2112 1146 2166 processerimus,
1163 2122 1233 2149 ex-

103 2167 310 2219 ploratiora
328 2169 573 2219 videbuntur,
598 2170 742 2209 Etesiis
758 2177 927 2209 utemur.
