1498 2401
167 119 244 158 182
369 116 454 157 AD
482 114 774 157 ATTICUM.
804 113 906 154 Lm.
934 107 1055 155 XIV.
1084 110 1125 153 6.

164 236 253 267 ante
271 240 330 267 res
349 227 530 280 prolatas,
549 238 599 266 ne
617 226 786 265 deserere
797 218 944 264 fideret
961 225 1067 263 hunc
1084 234 1214 262 rerum
1233 228 1298 260 tu-

163 295 339 329 more1n3
370 281 432 321 eui
450 288 564 329 certe,
585 281 618 319 si
635 293 788 333 possem
806 279 966 328 mederi,
986 278 1117 318 deesse
1133 289 1213 315 non
1227 275 1297 315 de-

163 339 308 377 berem.
345 336 422 376 Sed
449 336 554 376 vides
578 335 841 387 magistratus,
863 335 895 373 si
917 333 1076 386 quidem
1094 331 1153 370 illi
1171 329 1297 382 magi-

166 399 331 431 stratus:
362 390 468 430 vides
486 398 616 430 tamen
637 389 790 441 tyranni
813 389 995 427 satellites
1020 388 1061 426 in
1091 385 1293 438 imperiis;

165 446 270 486 vides
290 445 462 497 ejusdem
488 445 702 489 exercitu83
734 443 838 482 vides
867 443 907 481 in
933 444 1051 481 latere
1070 449 1294 485 veteranos;

167 514 256 553 quae
280 508 369 539 sunt
404 515 596 546 ευριπιστα
627 498 783 538 omnia:
814 510 877 536 eos
907 506 1052 544 autem,
1087 495 1170 548 qui,
1195 493 1299 533 orbis

165 564 276 595 terrae
290 554 469 594 custodiis
487 567 564 592 non
584 553 700 592 modo
724 552 834 604 septi,
855 565 991 590 verum
1011 551 1126 590 etiam
1145 548 1295 601 magni,

165 623 246 649 esse
264 610 468 656 debebant,
487 615 640 646 tantum
664 619 741 646 non
766 606 915 645 laudari
930 615 1048 658 atque
1072 604 1209 651 amari,
1230 601 1298 641 sed

163 664 374 717 parietibus
387 663 583 703 contineri.
612 662 741 714 Atqui
759 661 831 711 illi,
849 674 1006 714 quoquo
1020 659 1152 709 modo,
1166 657 1270 697 beati
1283 669 1296 702 ς

165 719 297 758 civitas
314 719 464 757 misera.

223 773 300 813 Sed
318 773 434 812 velim
453 772 561 821 scire,
582 771 677 824 quid
695 770 884 809 adventus
903 769 1057 810 Octavii
1073 783 1083 807 :
1112 779 1210 806 num
1228 764 1298 818 qui

168 827 438 868 concursusad
457 839 573 870 eum;
604 838 698 864 num
727 837 816 876 quae
845 838 1088 873 νεωτερισμου
1118 821 1298 873 suspicio.

167 884 261 922 Non
281 890 376 935 puto
396 881 600 934 equidem:
632 879 697 919 sed
717 887 863 923 tamen,
890 877 1082 930 quidquid
1107 883 1177 923 est,
1203 875 1301 914 scire

167 937 292 989 cupio.
340 937 439 976 Haec
467 935 599 987 scripsi
627 934 677 973 ad
705 942 745 972 te
774 933 1016 987 proficiscens
1045 931 1197 971 Astura
1226 929 1298 968 111

165 992 274 1031 Idus.

410 1154 494 1201 (6.)
523 1151 737 1193 CICERO
766 1149 983 1191 ATTICO
1011 1150 1053 1190 S.

221 1261 353 1301 Pridie
379 1260 490 1304 Idus..
512 1259 662 1298 Fundis
693 1260 820 1312 accepi
850 1268 937 1300 tuas
965 1260 1108 1308 literas,
1132 1271 1297 1300 coenans.

169 1317 349 1356 Primum
369 1315 487 1367 igitur
505 1315 645 1353 melius
665 1327 769 1359 esse;
800 1315 938 1354 deinde
956 1316 1117 1354 meliora
1140 1323 1179 1354 te
1197 1327 1300 1354 nun-

166 1373 284 1411 tiare:
306 1371 436 1409 odiosa
455 1370 522 1407 illa
537 1370 639 1408 enim
654 1369 821 1418 fuerant,
835 1369 1004 1421 legiones
1017 1370 1159 1408 venire.
1191 1369 1230 1408 N
1234 1383 1301 1409 am

166 1427 215 1465 de
234 1425 398 1466 Octavio
418 1437 558 1476 susque
570 1423 706 1475 deque.
736 1424 946 1476 Exspecto,
961 1424 1056 1476 quid
1072 1424 1120 1464 de
1139 1424 1271 1463 Mario
1284 1439 1299 1463 ι
1329 1458 1333 1461 «

166 1494 284 1534 quem
305 1480 461 1532 quidem
478 1492 548 1530 ego
564 1479 761 1517 sublatum
781 1480 891 1517 rebar
908 1492 932 1517 a
951 1479 1113 1518 Caesare.

220 1534 385 1573 Antonii
415 1533 652 1585 colloquium
675 1546 763 1571 cum
785 1533 966 1572 heroibus
996 1534 1134 1572 nostris
1166 1547 1237 1586 pro
1257 1547 1298 1572 re

167 1588 257 1629 nata
276 1602 352 1628 non
372 1587 675 1627 incommodum.
715 1586 792 1627 Sed
810 1596 940 1626 tamen
960 1588 1087 1627 adhuc
1115 1601 1179 1627 me
1201 1588 1300 1627 nihil

166 1645 329 1683 delectat
341 1651 478 1695 praeter
494 1641 589 1680 Idus
602 1641 782 1681 Martias.
809 1643 931 1690 Nam,
947 1642 1132 1694 quoniam
1148 1643 1300 1682 Fundis

167 1712 255 1738 sum
274 1711 363 1737 cum
389 1698 536 1747 Ligure
554 1705 698 1744 nostro,
719 1696 938 1744 discrucior,
961 1697 1112 1736 Sextilii
1130 1697 1299 1737 fundum

167 1767 191 1792 a
213 1755 418 1792 verberone
439 1750 606 1791 Curtilio
631 1751 838 1803 possideri:
869 1752 975 1803 quod
1003 1765 1094 1790 cum
1125 1751 1226 1800 dico,
1249 1752 1299 1792 de

165 1815 247 1847 toto
265 1819 403 1859 genere
421 1807 517 1845 dico.
550 1805 660 1853 Quid
678 1806 781 1844 enim
802 1806 991 1854 miserius,
1013 1819 1134 1858 quam
1160 1820 1206 1846 ea
1229 1820 1300 1847 nos

165 1862 280 1911 tueri,
301 1869 456 1914 propter
475 1874 563 1913 quae
589 1861 699 1898 illum
733 1860 969 1900 oderamus?
999 1861 1183 1900 Etiamne
1207 1875 1299 1902 eon-

167 1918 270 1956 sules
289 1924 326 1954 et
345 1916 519 1954 tribunos
530 1915 652 1966 plebis
664 1915 704 1952 in
718 1915 933 1963 biennium,
955 1929 1052 1968 quos
1065 1916 1131 1955 ille
1142 1917 1266 1956 voluit
1278 1919 1298 1956 Ρ

168 1972 294 2010 Nullo
319 1970 436 2009 modo
467 1970 626 2021 reperio,
653 1970 987 2022 quemadmodum
1017 1971 1161 2023 possim
1191 1979 1300 2010 πολι·-

169 2029 356 2064 nussim.
387 2024 502 2063 Nihil
532 2024 635 2062 enim
660 2032 740 2062 tam
773 2033 952 2071 σολοικον,
987 2038 1107 2077 quam
1132 2041 1297 2076 τυραννο-

117 2112 129 2119 ,
168 2095 310 2123 κτονους
328 2079 370 2118 in
389 2079 482 2118 coelo
494 2092 586 2126 esse,
609 2079 763 2130 tyranni
782 2078 884 2118 facta
902 2079 1068 2118 defendi.
1097 2079 1174 2120 Sed
1192 2080 1298 2120 vides

165 2135 354 2181 consules,
375 2134 480 2172 vides
498 2133 665 2185 reliquos
683 2134 943 2185 magistratus,
965 2134 996 2172 si
1014 2135 1077 2173 isti
1096 2135 1300 2186 magistra.

165 2194 256 2227 tus:
284 2189 394 2244 yides
423 2189 648 2240 languorem
673 2190 877 2227 bonorum.
917 2189 1131 2228 Exsultant
1160 2190 1298 2229 laetitia

160 2242 202 2281 in
227 2242 474 2296 municipiis:
503 2242 579 2282 dici
608 2243 712 2282 enim
737 2255 815 2283 non
836 2250 976 2296 potest,
1000 2252 1148 2297 quanto
1178 2256 1294 2298 opere
