1467 2401
333 88 416 128 AD
445 88 732 129 ATTICUM.
763 90 862 129 Lm.
883 90 936 129 X.
970 92 1030 130 10.
1190 92 1244 136 57

125 195 211 257 tim,
241 195 336 248 quid
371 197 419 236 de
457 205 494 236 te
533 197 716 245 audisset,
747 198 935 249 exposuit.
983 199 1148 250 Negavi,
1179 212 1242 238 me

123 250 241 288 scire.
271 257 400 288 tamen
419 252 467 288 ab
487 264 530 289 eo
548 251 679 302 petivi,
699 258 743 288 ut
767 252 816 289 ad
848 260 884 290 te
903 252 1030 290 literas
1059 253 1242 301 mitteret,

124 303 266 354 quibus
283 304 452 342 maxime
471 305 520 342 ad
537 305 812 343 remanendum
828 307 1057 344 commoveri
1075 319 1214 367 posses.

181 358 210 378 “
229 357 302 395 Me
329 358 513 396 secumin
532 358 764 410 Hispaniam
792 359 920 397 ducit.
952 372 1057 407 nam,
1086 360 1159 398 nisi
1188 361 1243 399 ita

126 409 278 458 faceret,
298 423 368 462 ego
386 411 506 463 prius,
527 425 645 463 quam
664 412 713 450 ad
732 413 879 450 Urbem
906 413 1135 461 accederem,
1156 414 1243 452 ubi-

127 476 292 516 cumque
311 478 422 514 esses,
450 466 499 503 ad
528 473 565 504 te
594 467 877 517 percurrissem,
899 474 935 505 et
953 468 1024 506 hoc
1043 481 1065 505 a
1083 475 1120 505 te
1145 482 1245 519 1113)-

126 530 210 556 sens
243 519 532 568 contendissem,
566 528 681 570 atque
717 520 823 558 omni
850 521 888 559 vi
920 528 957 558 te
989 521 1243 559 retinuissem.

123 570 258 610 Etiam
289 579 404 624 atque
434 574 563 622 etiam,
585 573 732 622 Cicero,
762 574 898 625 cogita,
932 586 981 613 ne
1011 582 1047 613 te
1080 582 1245 627 tuosque

124 637 257 664 omnm
284 626 459 665 funditus
489 634 656 666 evertas:
687 640 758 666 nec
788 635 826 666 te
855 628 972 666 sciens
998 629 1242 681 prudensque

124 690 170 717 eo
188 679 378 729 demittas,
398 680 501 719 unde
520 681 668 720 exitum
686 681 791 719 vides
809 682 963 720 nullum
983 695 1072 721 esse.

179 735 208 756 “
228 733 347 782 Quod
371 734 404 772 si
422 743 459 773 te
478 743 545 773 aut
563 748 670 773 voces
698 735 943 787 optimatium
968 744 1239 783 commovent3

123 793 192 825 aut
219 789 495 827 nonnullorum
522 789 725 828 hominum
754 789 995 827 insolentiam
1017 798 1053 828 et
1068 791 1245 840 jactatio-

122 851 212 879 nem
223 841 320 880 ferre
331 854 409 881 non
426 850 557 893 potes;
580 843 709 894 eligas,
724 855 868 892 censeo,
885 844 1041 895 aliquod
1055 844 1244 896 oppidum

123 906 288 933 vacuum
318 909 341 934 a
368 897 484 944 bello,
504 897 600 934 dum
627 897 710 935 haec
741 897 1009 946 decernuntur,
1043 912 1130 949 quae
1159 900 1243 948 jam

124 956 238 987 erunt
249 949 427 989 confecta.
458 950 508 989 Id
522 951 555 988 si
567 950 711 999 feceris,
733 958 768 989 et
788 964 857 1002 ego
876 958 912 989 te
932 952 1119 1004 sapienter
1133 952 1246 992 fecis-

126 1013 166 1040 se
179 1002 374 1054 judicabo,
395 1010 433 1043 et
451 1004 641 1045 Caesarem
659 1017 737 1045 non
755 1004 937 1045 offendes
939 1005 964 1023 ’¹

341 1169 461 1223 (10.)
492 1169 703 1210 CICERO
731 1169 951 1210 ATTICO
980 1170 1021 1209 S.

175 1276 248 1316 Me
266 1277 424 1328 caecum,
444 1279 513 1331 qui
536 1279 618 1318 haec
643 1286 730 1318 ante
756 1291 834 1317 non
859 1278 1046 1317 viderim!
1079 1276 1175 1316 Misi
1194 1277 1245 1316 ad

123 1337 161 1370 te
180 1331 379 1384 epistolam
400 1333 577 1377 Antonii.
618 1333 671 1372 Ei
689 1346 778 1371 cum
798 1346 867 1384 ego
891 1332 1098 1384 saepissime
1126 1331 1245 1382 scrip-

121 1385 279 1447 sissem,
299 1387 393 1425 nihil
428 1399 490 1425 me
518 1394 649 1426 contra
668 1386 827 1425 Caesaris
859 1387 1023 1425 rationes
1042 1385 1239 1447 cogitare·
1227 1414 1241 1431 ,

120 1439 340 1479 meminisse
357 1453 420 1479 me
438 1441 567 1492 generi
590 1441 681 1489 mei,
701 1441 922 1479 meminisse
940 1440 1143 1485 amicidae3
1173 1452 1243 1490 po-

120 1493 252 1543 tuisse,
268 1494 299 1532 si
317 1495 426 1539 aliter
445 1495 638 1544 sentirem,
660 1508 738 1533 esse
757 1507 846 1534 cum
859 1494 1072 1547 Pompei03
1092 1506 1155 1531 me
1173 1505 1243 1530 au-

120 1552 213 1596 tem,
241 1549 332 1599 quia
363 1561 453 1588 cum
480 1549 677 1588 lictoribus
709 1549 853 1587 invitus
886 1561 1091 1596 cursarem,
1112 1549 1242 1585 abesse

119 1601 229 1649 velle,
249 1614 318 1641 nec
331 1602 371 1645 id
388 1603 518 1654 ipsum
530 1611 676 1642 certum
695 1603 810 1642 etiam
829 1615 933 1642 nunc
950 1602 1115 1649 habere3
1137 1600 1238 1650 vide,

124 1667 244 1707 quam
262 1656 312 1700 ad
328 1655 411 1695 haec
424 1671 654 1708 napomuwfz

175 1763 204 1786 ‘⁶
219 1762 354 1802 Tuum
366 1764 568 1803 consilium
588 1778 706 1830 quam
726 1778 859 1804 verum
879 1771 946 1804 est.
977 1764 1099 1811 Nam,
1114 1762 1182 1815 qui
1201 1776 1242 1801 se

122 1815 294 1855 medium
314 1831 392 1857 esse
410 1819 507 1867 vult,
527 1818 567 1855 in
581 1819 706 1870 patria
723 1827 877 1858 manet.
899 1818 967 1871 qui
979 1816 1240 1869 proficiscitur,

122 1870 269 1931 aliquid
291 1871 338 1910 de
355 1847 538 1911 alterutia
555 1880 662 1924 parte
684 1873 855 1922 judicare
873 1873 1035 1911 videtur.
1078 1871 1154 1910 Sed
1174 1883 1244 1921 ego

122 1923 156 1962 is
173 1936 250 1962 non
266 1938 367 1973 sum,
387 1926 457 1978 qui
481 1934 644 1964 statuere
663 1927 836 1976 debeam,
860 1928 947 1977 J'ure
966 1925 1052 1977 quis
1071 1925 1243 1986 proficis-

125 1985 246 2026 catur,
272 1991 403 2018 necne.
459 1980 592 2018 Partes
617 1981 714 2018 mihi
733 1981 861 2019 Caesar
878 1981 948 2018 has
972 1979 1169 2031 imposuit,
1196 1990 1245 2016 ne

125 2043 242 2094 quem
269 2033 425 2072 omnino
451 2033 639 2072 discedere
669 2047 717 2072 ex
748 2033 863 2072 Italia
891 2042 1051 2086 paterer.
1096 2032 1244 2080 Quare,

126 2085 235 2138 parvi
248 2086 376 2135 refert,
404 2100 468 2125 me
485 2089 644 2138 probare
663 2088 929 2139 cogitationem
948 2096 1070 2134 tuam,
1098 2086 1130 2124 si
1148 2085 1246 2123 nihil

127 2145 257 2178 tamen
275 2140 346 2179 tibi
363 2141 554 2179 remittere
580 2154 749 2193 possum.
789 2142 858 2180 Ad
878 2142 1067 2180 Caesarem
1098 2139 1243 2186 mittas,

129 2203 276 2243 censeO,
296 2200 334 2233 et
351 2196 399 2233 ab
417 2207 461 2233 eo
474 2194 547 2233 hoc
567 2202 686 2246 petas.
729 2196 821 2234 Non
841 2195 988 2244 dubito,
1010 2194 1104 2246 quin
1122 2192 1246 2244 impe-
