1513 2370
188 91 265 130 126
374 86 460 127 AD
485 84 775 127 ATTICUM.
803 83 905 125 Lm.
921 81 1026 126 XII.
1053 84 1121 132 37.

186 211 340 253 poenam
371 196 482 248 legis,
516 195 665 246 studeo,
708 208 828 248 quam
852 203 899 235 ut
929 194 1102 236 maxime

191 253 388 291 αποθεωσιν
403 264 414 275 ·
439 251 545 304 quod
568 258 758 303 poteram,
789 251 819 289 si
847 251 889 289 in
913 249 998 302 ips'a
1015 248 1110 288 villa
1139 247 1319 287 facerem.

188 307 266 347 Sed
285 308 346 350 (ut
364 319 464 358 saepe
480 305 600 344 locun·
618 304 772 355 sumus)
803 304 1121 343 commutationes
1137 301 1316 341 domino-

188 375 278 400 rum
310 359 528 399 reformido.
573 358 621 398 In
651 372 743 411 agro
778 360 1016 411 ubicumque
1044 357 1182 404 fecero,
1217 354 1319 394 mihi

191 415 322 454 videor
340 415 492 467 assequi
509 428 632 466 posse,
646 423 691 452 ut
704 414 905 465 posteritas
923 413 1064 451 habeat
1081 409 1320 462 religionem.

248 469 326 508 Hae
345 482 441 508 meae
458 469 530 507 tibi
547 469 703 521 ineptiae
724 468 863 519 (fateor
881 467 1003 515 enim)
1029 464 1198 505 ferendae
1214 469 1319 503 sunt.

195 525 289 564 Non
307 524 445 572 habeo,
474 536 523 561 ne
540 536 606 561 me
624 523 782 575 quidem
801 522 946 574 ipsum,
974 521 1137 573 quicum
1153 527 1236 558 tam
1253 530 1327 557 au-

193 579 324 618 dacter
355 578 651 625 communicem,
673 590 792 629 quam
811 584 861 615 te.
902 577 944 615 Si
962 575 1034 615 tibi
1050 587 1124 623 res,
1151 573 1185 612 si
1201 572 1324 621 locus,

196 633 229 672 si
252 632 474 671 institutum
507 632 646 684 placet,
673 633 772 683 lege,
803 643 947 683 quaeso,
967 630 1121 681 1egem3
1149 626 1327 678 mihique

197 700 284 726 eam
301 687 424 725 mitte.
469 686 512 725 Si
542 686 637 738 quid
665 686 706 724 in
731 693 902 724 mentem
932 684 1074 733 veniet,
1100 694 1180 736 quo
1209 679 1328 721 modo

197 754 284 780 eam
303 740 472 792 effugere
490 741 697 792 possimus,
717 746 885 778 utemur.

251 795 322 834 Ad
339 796 512 834 Brutum
531 795 563 833 si
582 795 676 847 quid
695 794 849 842 scribes,
869 793 943 833 nisi
966 792 1139 832 alienum
1156 789 1326 844 putabis,

198 851 402 901 objurgato
420 862 524 897 eum,
542 849 647 901 quod
665 848 705 886 in
728 847 909 887 Cumano
927 860 1007 886 esse
1025 846 1192 885 noluerit
1208 857 1327 898 prop-

197 912 255 943 ter
281 917 367 942 eam
386 916 555 951 causam,
588 915 709 955 quam
740 902 812 941 tibi
841 902 951 940 dixit.
995 899 1193 952 Cogitanti
1220 898 1327 938 enim

198 959 311 1005 mihi,
341 958 439 996 nihil
458 966 539 996 tam
558 957 710 996 videtur
727 957 897 1008 potuisse
914 956 1039 995 faeere
1062 954 1214 993 rustice.
1255 953 1326 1002 Et,

200 1013 232 1052 si
250 1013 320 1051 tibi
339 1012 504 1064 placebit
523 1012 575 1050 sic
594 1025 706 1063 agere
724 1011 772 1050 de
791 1011 881 1050 fano
909 1021 955 1049 ut
983 1009 1182 1062 eoepimus,
1210 1007 1331 1047 velim

202 1067 395 1106 cohortere
421 1074 458 1104 et
483 1079 646 1105 exacuas
672 1065 898 1105 Cluatium:
928 1078 1036 1113 nam,
1056 1063 1173 1103 etiam
1201 1061 1234 1101 si
1251 1061 1330 1100 alio

203 1123 286 1160 loco
304 1121 484 1173 placebit,
504 1121 610 1159 illius
628 1121 738 1159 nobis
756 1120 873 1172 opera
891 1119 1126 1172 consilioque
1138 1115 1329 1159 utendum

204 1182 310 1228 puto.
340 1175 408 1215 Tu
426 1176 476 1214 ad
495 1175 628 1215 villam
647 1175 806 1215 fortasse
824 1187 920 1214 cras.

427 1339 543 1393 (37.)
576 1338 792 1381 CICERO
821 1338 1036 1381 A'rrICo
1064 1340 1105 1379 s.

264 1450 306 1488 A
325 1457 363 1488 te
375 1449 457 1488 heri
472 1449 568 1490 duas
586 1450 763 1502 epistolas
781 1450 923 1503 accepi,
943 1450 1103 1489 alteram
1124 1448 1249 1501 pridie
1265 1449 1336 1490 da-

211 1513 291 1544 tam
304 1504 458 1553 Hilaro,
474 1505 635 1543 alteram
653 1505 788 1544 eodem
803 1505 864 1544 die
882 1504 1103 1550 tabellario;
1132 1504 1338 1558 accepique

209 1561 259 1598 ab
278 1559 455 1610 AEgypta
483 1559 620 1598 liberto
650 1559 784 1599 eodem
813 1559 890 1606 die,
922 1559 1066 1598 Piliam
1095 1564 1134 1597 et
1161 1558 1338 1599 Attimn

210 1614 324 1665 plane
343 1613 442 1652 belle
461 1626 500 1652 se
517 1613 669 1652 habere.
710 1614 788 1653 Hae
805 1614 926 1652 literae
946 1612 1046 1651 mihi
1071 1612 1231 1652 redditae
1247 1621 1339 1654 sunt

208 1667 469 1706 tertiodecimo
499 1667 573 1706 die.
615 1668 734 1716 Quod
760 1667 859 1706 mihi
877 1668 994 1707 Bruti
1010 1667 1153 1716 literas,
1172 1675 1342 1719 gratum.

210 1722 280 1762 Ad
306 1735 371 1760 me
396 1735 552 1774 quoque
569 1723 686 1762 misit.
733 1721 837 1761 Eam
855 1723 980 1775 ipsam
1005 1721 1055 1761 ad
1074 1733 1112 1761 te
1139 1722 1343 1775 epistolam

210 1777 314 1823 misi,
336 1784 374 1815 et
391 1776 441 1815 ad
459 1790 545 1815 eam
565 1778 789 1830 exemplum
806 1790 984 1816 mearum
1000 1777 1214 1816 literarum.

266 1831 331 1870 De
349 1831 451 1875 fano,
473 1831 502 1870 si
519 1831 617 1870 nihil
631 1832 728 1872 mihi
741 1833 942 1872 hortorum
961 1831 1123 1879 invenis,
1143 1831 1233 1884 (qui
1251 1831 1340 1885 qui-

210 1885 301 1924 dem
327 1885 398 1924 tibi
426 1886 645 1925 inveniendi
673 1895 777 1934 sunt,
798 1886 830 1925 si
858 1899 922 1926 me
951 1886 1049 1926 tanti
1072 1886 1181 1932 facis,
1200 1887 1339 1939 quanti

209 1948 310 1979 certe
327 1939 436 1987 facis)
460 1940 572 1979 valde
589 1943 710 1992 probo
728 1941 917 1980 rationem
942 1949 1052 1980 tuam
1078 1940 1128 1980 de
1145 1940 1338 1980 Tuscula-

209 2007 273 2034 no.
317 1993 509 2042 Quamvis
534 1995 704 2047 prudens
731 1996 781 2035 ad
806 1995 1056 2047 cogitandum
1073 1994 1138 2045 sis,
1166 1995 1265 2034 sicut
1282 2008 1338 2044 ω,

212 2058 357 2097 tamen,
378 2049 452 2087 nisi
470 2062 623 2102 magnae
641 2063 743 2090 curae
760 2050 831 2089 tibi
850 2058 960 2099 esset,
981 2058 1025 2089 ut
1043 2063 1115 2102 ego
1133 2062 1342 2103 conseque-

213 2117 273 2142 rer
292 2103 332 2141 id
362 2103 467 2155 quod
496 2117 637 2156 magno
665 2118 778 2157 opere
805 2106 959 2154 vellem,
990 2117 1195 2157 nunquam
1219 2117 1266 2144 ea
1282 2117 1344 2145 τε

214 2158 286 2196 tibi
301 2166 382 2197 tam
401 2158 500 2198 belle
519 2159 559 2198 in
578 2167 749 2199 mentem
770 2159 899 2199 venire
917 2159 1115 2212 potuisset.
1163 2158 1254 2209 Sed,
1272 2171 1344 2199 ne-

215 2212 290 2252 scio
311 2226 388 2265 quo
415 2220 540 2265 pacm,
567 2215 824 2255 celebritatem
843 2214 1007 2267 requiro.
1048 2212 1200 2267 Itaque,
1216 2213 1346 2254 hortos
