1498 2401
379 111 461 151 AD
491 112 543 161 Q.
573 111 874 152 FRATREM.
904 112 1007 152 ιω.
1033 113 1067 151 1.
1101 114 1138 151 1.
1236 114 1311 158 271

196 231 292 266 suae,
313 219 379 258 sed
397 226 474 258 tuae
497 219 663 259 lenitatis
687 219 904 272 apparitor-3
933 222 1158 273 majoraque
1184 220 1323 273 praefe-

199 280 286 312 rant
303 273 420 312 fasces
447 273 504 311 illi
530 287 574 312 ac
602 287 749 313 secures
772 274 967 325 dignitatis
991 275 1170 326 insignia,
1200 288 1320 327 quam

200 327 408 380 potestatis.
439 327 532 366 Toti
550 327 716 380 denique
730 328 778 366 sit
796 329 1000 378 provinciae
1013 329 1225 380 cognitum,
1246 330 1318 368 tibi

199 381 388 429 omnium,
418 381 558 433 quibus
585 382 729 434 praesis,
758 382 935 429 salutem,
966 383 1118 431 liberos,
1155 383 1316 431 famam,

199 435 370 474 fortunas
404 449 482 474 esse
512 436 736 474 carissimas.
777 435 957 487 Denique
989 437 1070 476 haec
1099 437 1229 488 opinio
1255 437 1317 486 sit,

197 501 275 528 non
303 489 417 527 modo
444 489 490 527 iis
518 490 585 541 qui
615 490 761 541 aliquid
788 490 1013 541 acceperint,
1040 491 1104 529 sed
1131 491 1177 528 iis
1203 491 1319 529 etiam

198 543 268 595 qui
286 543 472 592 dederint,
503 551 539 582 te
558 544 759 582 inimicum
796 543 847 596 (si
874 544 915 581 id
940 543 1178 595 cognoveris)
1210 545 1319 583 futu-

197 610 298 635 rum.
327 597 467 649 Neque
485 611 573 636 vero
592 598 797 659 quisquam
813 597 933 644 dabit,
949 611 1036 636 cum
1058 599 1127 637 erit
1145 598 1217 637 hoc
1231 612 1319 650 per-

198 659 386 703 spectum,
406 652 503 689 nihil
521 665 590 703 per
608 665 684 699 eos,
705 652 795 704 qui
787 652 972 690 simulant
987 666 1025 691 se
1039 653 1144 704 apud
1163 660 1200 691 te
1213 654 1319 691 mul-

198 712 284 744 tum
303 718 426 757 posse,
447 708 514 745 abs
533 714 570 745 te
590 706 709 745 solere
727 706 935 758 impetrari.

252 760 337 798 Nec
356 767 485 798 tamen
505 768 560 799 est
576 760 658 798 haec
669 760 788 798 oratio
807 773 893 798 mea
906 760 1144 810 hujusmodi,
1160 768 1205 799 ut
1223 768 1260 800 te
1274 761 1315 799 in

198 820 284 852 tuos
304 821 372 851 aut
389 813 532 851 durum
555 828 634 853 esse
662 814 840 863 nimium,
861 822 929 852 aut
948 815 1215 866 suspiciosum,
1249 829 1314 853 ve-

193 867 278 905 lim.
308 867 429 914 Nam,
451 868 482 906 si
511 868 597 919 quis
617 876 672 907 est
691 881 823 906 eorum
842 868 912 930 qui
930 869 999 907 tibi
1017 869 1057 907 bi
1060 870 1162 907 ennii
1194 869 1316 921 spatio

195 933 399 972 nunquam
428 921 468 959 in
499 923 750 973 suspicionem
781 923 948 961 avaritiae
972 923 1129 969 venerit,
1157 927 1219 967 (ut
1245 936 1314 975 ego

196 974 379 1023 Caesium,
400 982 437 1014 et
457 975 724 1028 Chaerippum,
745 983 782 1014 et
801 976 1038 1024 Labeonem,
1054 985 1091 1015 et
1110 978 1239 1025 audio,
1261 985 1314 1026 et,

198 1030 290 1082 quia
315 1030 488 1091 cognovi,
515 1031 708 1077 existimo)
738 1030 836 1068 nihil
861 1038 930 1077 est,
962 1031 1065 1083 quod
1089 1044 1166 1070 non
1198 1040 1236 1070 et
1252 1031 1313 1079 iis,

194 1091 234 1122 et
270 1084 301 1121 si
339 1084 425 1135 quis
457 1091 513 1122 est
544 1085 642 1123 alius
672 1084 964 1134 ejusdemmodi,
994 1094 1032 1123 et
1060 1085 1248 1123 committi
1278 1093 1316 1124 et

194 1137 297 1176 credi
314 1138 520 1176 rectissime
537 1146 684 1189 putem.
713 1138 788 1177 Sed
816 1138 848 1176 si
877 1139 962 1190 quis
983 1146 1051 1187 est,
1072 1139 1112 1177 in
1138 1152 1216 1191 quo
1226 1140 1314 1188 -jam

197 1191 411 1238 offenderis,
431 1192 479 1230 de
497 1205 576 1244 quo
590 1192 736 1244 aliquid
756 1193 913 1231 senseris
929 1207 940 1238 ς
970 1192 1061 1232 huic
1080 1193 1177 1231 nihil
1196 1193 1316 1232 credi-

195 1246 310 1294 deris,
331 1247 480 1284 nullam
499 1254 647 1297 partem
667 1246 955 1285 existimationis
975 1254 1051 1285 tuae
1070 1247 1313 1286 commiseris.

251 1300 303 1339 V.
334 1299 382 1337 In
401 1300 595 1351 provincia
615 1313 702 1339 vero
720 1300 817 1352 ipsa,
832 1300 865 1338 si
884 1314 1000 1352 quem
1021 1315 1058 1339 es
1076 1309 1225 1349 nactus,
1246 1303 1314 1353 qui

193 1354 235 1393 in
267 1361 376 1392 tuam
405 1354 703 1393 familiaritatem
731 1354 884 1406 penitus
916 1354 1079 1403 intrarit,
1107 1355 1175 1406 qui
1203 1356 1313 1394 nobis

190 1415 279 1448 ante
305 1408 420 1446 fuerit
446 1408 625 1459 ignotus;
655 1409 746 1448 huic
774 1416 963 1460 quantum
992 1409 1222 1448 credendum
1251 1409 1312 1458 sit,

191 1462 305 1501 vide:
334 1474 413 1501 non
440 1463 536 1514 quin
560 1463 706 1514 possint
734 1462 850 1501 multi
875 1476 955 1501 esse
976 1463 1224 1514 provinciales
1243 1464 1315 1502 viri

193 1516 314 1562 boni3
344 1517 410 1554 sed
440 1516 513 1555 hoc
545 1530 694 1569 sperare
722 1517 825 1564 licet,
856 1517 1027 1566 judicare
1057 1518 1313 1569 periculosum

193 1578 262 1610 est.
293 1570 435 1609 Multis
454 1571 558 1609 enim
572 1571 863 1610 simulationum
880 1571 1085 1610 involucris
1105 1572 1260 1622 tegitur,
1275 1579 1313 1610 et

192 1625 304 1676 quasi
343 1625 436 1664 velis
469 1626 701 1677 quibusdam
737 1625 970 1674 obtenditur,
1008 1626 1312 1677 uniuscujusque

190 1686 352 1717 natura:
381 1679 498 1728 frons,
533 1681 647 1728 oculi,
676 1680 820 1729 vultus,
847 1693 1017 1732 persaepe
1038 1680 1307 1726 mentiuntur;

187 1733 308 1772 oratio
325 1745 414 1771 vero
433 1733 650 1785 saepissime.

245 1787 524 1837 Quamobrem,
552 1790 622 1840 qui
640 1795 746 1840 potes
772 1788 933 1840 reperire
952 1801 1000 1827 ex
1027 1800 1070 1825 eo
1088 1801 1225 1839 genere
1243 1788 1313 1827 ho-

184 1841 356 1890 minum,
377 1841 459 1893 qui,
479 1843 650 1893 pecuniae
668 1842 875 1895 cupiditate
893 1842 1062 1890 adducti,
1083 1850 1235 1881 careant
1251 1843 1313 1881 his

189 1897 304 1936 rebus
318 1896 512 1944 omnibus,
532 1909 556 1934 a
574 1897 714 1948 quibus
736 1909 804 1935 nos
824 1896 963 1935 divulsi
983 1909 1062 1935 esse
1080 1908 1158 1934 non
1176 1910 1311 1948 possu-

188 1962 292 1997 mus,
313 1957 350 1988 te
369 1957 513 1999 autem,
533 1950 702 1989 alienum
716 1950 929 1998 hominem,
950 1958 1080 1989 ament
1098 1964 1146 1988 ex
1165 1950 1308 1999 animo,

188 2018 234 2043 ac
252 2016 326 2042 non
349 2004 409 2042 sui
428 2004 619 2043 commodi
637 2004 751 2044 causa
769 2005 949 2043 simulent
965 2008 983 2044 Ρ
1012 2004 1119 2042 Mihi
1152 2004 1308 2055 quidem

189 2071 447 2110 permagnum
483 2059 658 2105 videtur-3
686 2059 896 2111 praesertim
930 2059 962 2097 si
985 2058 1102 2097 iidem
1136 2058 1310 2097 homines

188 2112 383 2164 privatum
402 2125 478 2151 non
497 2112 577 2151 fere
593 2126 845 2165 quemquam,
862 2121 1040 2165 praetores
1059 2125 1209 2163 semper
1226 2124 1310 2150 om-

190 2178 271 2213 nes,
292 2173 435 2204 amant.
465 2166 557 2215 Quo
587 2180 635 2205 ex
662 2180 799 2219 genere
827 2167 858 2206 si
883 2180 1000 2220 quem
1030 2167 1127 2204 forte
1156 2166 1213 2203 tui
1245 2179 1311 2204 co-

189 2221 317 2272 gnesti
329 2220 576 2264 amantiorem
591 2221 690 2265 (fieri
705 2221 806 2261 enim
819 2222 961 2274 potuit)
977 2233 1095 2273 quam
1110 2220 1305 2272 temporis,
