1498 2401
279 81 368 120 ·314
450 80 534 119 AD
564 81 616 130 Q.
643 81 947 121 FRATREM.
978 81 1158 120 Lus-11.
1189 81 1252 120 14.

286 196 410 240 gestas
429 189 709 241 Lupercalibus
735 189 904 230 habebis.
942 190 1106 231 Oblecta
1123 197 1162 229 te
1189 201 1278 229 cum
1297 188 1407 229 Cice-

289 256 381 282 rone
399 251 528 283 nostro
546 257 666 296 quam
683 244 902 284 bellissime.

453 405 567 457 (14.)
606 406 844 448 MARCUS
874 407 926 456 Q.
955 406 1178 447 FRATRI
1207 407 1246 446 S.

344 515 673 566 (Argumentum.
682 541 738 549 —
745 515 853 564 Quid
860 524 962 567 agat,
972 521 1245 554 commemorat
1255 529 1265 552 ε
1284 513 1412 562 Quin-

291 577 331 608 to
349 582 501 620 operam
523 583 632 608 suam
647 571 688 608 in
699 571 811 608 rebus
830 571 912 620 ejus
923 571 1147 622 pollicetur:
1179 569 1242 608 M.
1257 568 1413 608 Orfium

291 631 330 663 et
349 624 579 664 Trebatium
599 624 874 672 commendat.)

348 732 460 771 Duas
479 733 605 771 adhuc
624 745 647 770 a
661 739 697 770 te
716 732 841 784 accepi
854 732 1054 783 epistolas3
1075 744 1242 784 quarum
1259 730 1418 769 alteram

294 787 335 825 in
364 787 447 839 ipso
480 786 646 825 discessu
682 794 826 833 nostro,
861 787 1021 825 alteram
1055 785 1239 824 Arimino
1275 784 1419 825 datam.

297 841 450 889 Plures,
471 854 566 892 quas
586 840 715 879 scribis
734 848 771 879 te
797 840 958 889 dedisse,
979 853 1055 879 non
1075 852 1304 891 acceperam.
1332 839 1420 891 Ego

296 908 360 933 me
388 896 430 933 in
461 895 638 933 Cumano
675 901 712 933 et
742 895 993 946 Pompeiano,
1023 901 1280 946 praeterquam
1316 893 1420 945 quod

298 949 378 987 sine
397 957 449 997 te,
470 957 650 988 caeterum
662 949 750 988 satis
765 949 964 988 commode
978 950 1239 988 oblectabam:
1261 953 1299 987 et
1318 960 1422 986 eram

296 1003 338 1041 in
357 1003 493 1042 iisdem
511 1003 602 1042 locis
622 1017 744 1055 usque
762 1003 812 1042 ad
836 1002 922 1042 Cal.
941 1004 1039 1043 Jun.
1063 1002 1232 1041 futurus.
1268 1001 1420 1041 Scribe-

296 1059 389 1097 bam
403 1058 484 1106 illa,
498 1071 585 1109 quae
599 1057 787 1119 dixeram,
804 1066 1000 1095 πολιτικα.
991 1072 1000 1081 ·
1023 1057 1189 1109 spissum
1202 1068 1292 1095 sane
1309 1068 1420 1107 opus,

301 1119 340 1150 et
364 1125 580 1163 operosum.
622 1111 711 1161 Sed,
733 1112 764 1150 si
792 1125 839 1151 ex
867 1111 1054 1150 sententia
1078 1110 1308 1158 successerit,
1325 1111 1425 1149 bene

300 1166 371 1204 erit
401 1179 516 1218 opera
545 1166 695 1217 posita·
727 1165 784 1204 sin
813 1166 956 1214 minus,
977 1166 1018 1204 in
1043 1164 1142 1204 illud
1166 1165 1296 1217 ipsum
1317 1176 1424 1202 mare

301 1219 538 1269 dejiciemus,
559 1219 663 1272 quod
675 1220 878 1259 scribentes
893 1228 1135 1272 spectamus:
1157 1217 1425 1271 aggrediemur

300 1274 390 1320 alia,
411 1274 594 1326 quoniam
615 1273 806 1326 quiescere
824 1287 902 1313 non
919 1287 1134 1326 possumus.

356 1328 449 1366 Tua
475 1327 658 1366 mandata
680 1341 888 1381 persequar
915 1329 1129 1380 diligenter,
1150 1335 1186 1366 et
1211 1325 1426 1378 adjungen-

302 1382 360 1421 dis
378 1381 613 1430 hominibus,
635 1390 672 1421 et
691 1382 923 1434 quibusdam
942 1395 1019 1421 non
1038 1380 1262 1420 alienandis.
1291 1380 1426 1420 Maxi-

302 1449 378 1475 mae
391 1436 490 1474 1111111
503 1449 591 1475 vero
603 1449 703 1474 curae
718 1437 801 1484 erit,
817 1445 863 1475 ut
871 1437 1093 1476 Ciceronem
1108 1443 1221 1474 tuum
1234 1441 1428 1473 nostrum-

291 1500 380 1542 -que
398 1489 562 1538 videam,
591 1490 730 1529 scilicet
765 1491 962 1542 quotidie·
994 1491 1059 1529 sed
1091 1488 1306 1541 inspiciam,
1332 1487 1428 1540 quid

304 1544 438 1593 discat,
470 1557 589 1605 quam
626 1544 860 1606 saepissime.
903 1552 954 1591 et,
988 1544 1062 1582 nisi
1097 1544 1163 1581 ille
1195 1549 1426 1590 contemnet,

307 1598 423 1636 etiam
441 1598 670 1649 magistrum
688 1611 752 1637 me
770 1598 805 1638 ei
816 1599 1045 1651 profitebor.
1067 1598 1177 1647 cujus
1195 1596 1251 1635 rei
1260 1596 1429 1635 nonnul-

306 1651 385 1690 lam
401 1651 716 1691 consuetudinem
733 1660 866 1692 nactus
879 1666 966 1692 sum
983 1652 1025 1690 in
1038 1652 1111 1691 hoc
1124 1652 1265 1690 horum
1277 1649 1429 1689 dierum

308 1705 399 1752 otio,
421 1705 603 1745 Cicerone
620 1714 748 1746 nostro
766 1707 913 1745 minore
930 1705 1187 1758 producendo.

361 1759 443 1807 Tu,
471 1760 800 1811 quemadmodum
833 1761 976 1808 scribis,
1007 1759 1112 1812 quod
1142 1759 1258 1798 etiam
1295 1757 1328 1797 si
1352 1769 1430 1797 non

309 1813 503 1859 scriberes,
523 1814 646 1853 facere
665 1821 703 1853 te
722 1815 1009 1866 diligentissime
1026 1822 1156 1853 tamen
1175 1812 1357 1860 sciebam,
1372 1812 1431 1850 fa-

309 1867 398 1915 cies,
425 1867 580 1915 scilicet,
610 1875 655 1906 ut
681 1881 769 1907 mea
794 1868 977 1908 mandata
1003 1868 1165 1920 digeras,
1191 1878 1432 1919 persequare,

310 1921 499 1961 confidas.
528 1920 629 1972 Ego,
662 1935 752 1961 cum
781 1923 951 1962 Romam
976 1935 1128 1969 venero,
1157 1921 1310 1959 nullum
1335 1932 1434 1972 prae-

310 1975 523 2014 tei-mittam
542 1975 702 2014 Caesaris
726 1977 983 2023 tabellarium,
1004 1976 1066 2015 0111
1084 1976 1213 2014 literas
1231 1973 1281 2012 ad
1299 1980 1337 2012 te
1354 1985 1432 2011 non

313 2028 414 2068 dem.
444 2029 521 2068 His
551 2029 698 2078 diebus,
724 2031 926 2082 (ignosces)
955 2030 1018 2069 cui
1048 2029 1194 2074 darem,
1217 2027 1294 2066 fuit
1321 2039 1435 2065 nemo

313 2090 403 2121 ante
420 2083 526 2122 hunc
545 2083 606 2121 M.
628 2083 798 2132 Orfium,
814 2085 984 2136 equitem
995 2084 1235 2145 Romanum,
1256 2089 1433 2120 nostrum

312 2143 351 2174 et
362 2137 696 2199 pernecessarium,
714 2145 751 2176 et
763 2139 866 2190 quod
880 2146 936 2178 est
953 2151 1002 2178 ex
1015 2136 1225 2188 municipio
1236 2135 1433 2182 Atellano,

309 2190 414 2241 quod
432 2191 504 2231 scis
522 2204 602 2231 esse
623 2192 664 2231 in
684 2192 758 2232 fide
780 2193 924 2234 nostra«
963 2193 1101 2245 Itaque
1129 2203 1219 2231 eum
1238 2189 1308 2230 tibi
1328 2201 1432 2229 oom-
