<?xml version="1.0" encoding="UTF-8"?>
<!DOCTYPE html PUBLIC "-//W3C//DTD XHTML 1.0 Transitional//EN"
    "http://www.w3.org/TR/xhtml1/DTD/xhtml1-transitional.dtd">
<html xmlns="http://www.w3.org/1999/xhtml" xml:lang="en" lang="en">
 <head>
  <title>
</title>
<meta http-equiv="Content-Type" content="text/html;charset=utf-8" />
  <meta name='ocr-system' content='tesseract 3.04.00' />
  <meta name='ocr-capabilities' content='ocr_page ocr_carea ocr_par ocr_line ocrx_word'/>
</head>
<body>
  <div class='ocr_page' id='page_1' title='image "./operaern11ciceuoft_0228.png"; bbox 0 0 1498 2401; ppageno 0'>
   <div class='ocr_carea' id='block_1_1' title="bbox 252 94 1174 135">
    <p class='ocr_par' dir='ltr' id='par_1_1' title="bbox 252 94 1174 135">
     <span class='ocr_line' id='line_1_1' title="bbox 252 94 1174 135; baseline 0.001 -3"><span class='ocrx_word' id='word_1_1' title='bbox 252 94 331 133; x_wconf 80' lang='lat'><strong>214</strong></span> <span class='ocrx_word' id='word_1_2' title='bbox 460 95 544 134; x_wconf 91' lang='lat' dir='ltr'><strong>AD</strong></span> <span class='ocrx_word' id='word_1_3' title='bbox 572 95 859 135; x_wconf 84' lang='lat' dir='ltr'><strong>ATTICUM.</strong></span> <span class='ocrx_word' id='word_1_4' title='bbox 886 95 988 134; x_wconf 80' lang='lat' dir='ltr'><strong>Lm.</strong></span> <span class='ocrx_word' id='word_1_5' title='bbox 1011 94 1108 134; x_wconf 85' lang='lat' dir='ltr'><strong>XV.</strong></span> <span class='ocrx_word' id='word_1_6' title='bbox 1135 95 1174 133; x_wconf 87' lang='lat'><strong>5.</strong></span> 
     </span>
    </p>
   </div>
   <div class='ocr_carea' id='block_1_2' title="bbox 239 201 1375 1067">
    <p class='ocr_par' dir='ltr' id='par_1_2' title="bbox 248 201 1375 297">
     <span class='ocr_line' id='line_1_2' title="bbox 248 201 1375 257; baseline 0.002 -16"><span class='ocrx_word' id='word_1_7' title='bbox 248 203 388 242; x_wconf 88' lang='lat' dir='ltr'><strong>nostris</strong></span> <span class='ocrx_word' id='word_1_8' title='bbox 405 203 625 242; x_wconf 86' lang='lat' dir='ltr'><strong>faciendum</strong></span> <span class='ocrx_word' id='word_1_9' title='bbox 644 203 694 243; x_wconf 89' lang='lat' dir='ltr'><strong>sit</strong></span> <span class='ocrx_word' id='word_1_10' title='bbox 708 216 721 251; x_wconf 72' lang='grc' dir='ltr'><strong><em>ς</em></strong></span> <span class='ocrx_word' id='word_1_11' title='bbox 751 204 847 257; x_wconf 88' lang='lat' dir='ltr'><strong>quid</strong></span> <span class='ocrx_word' id='word_1_12' title='bbox 861 204 976 244; x_wconf 86' lang='lat' dir='ltr'><strong>etiam</strong></span> <span class='ocrx_word' id='word_1_13' title='bbox 990 203 1115 251; x_wconf 87' lang='lat' dir='ltr'><strong>nobis,</strong></span> <span class='ocrx_word' id='word_1_14' title='bbox 1131 202 1162 242; x_wconf 87' lang='lat' dir='ltr'><strong>si</strong></span> <span class='ocrx_word' id='word_1_15' title='bbox 1176 201 1375 244; x_wconf 75' lang='lat' dir='ltr'><strong>Antonius</strong></span> 
     </span>
     <span class='ocr_line' id='line_1_3' title="bbox 249 257 960 297; baseline 0.004 -3"><span class='ocrx_word' id='word_1_16' title='bbox 249 257 438 297; x_wconf 79' lang='lat' dir='ltr'><strong>militibus</strong></span> <span class='ocrx_word' id='word_1_17' title='bbox 457 259 677 297; x_wconf 83' lang='lat' dir='ltr'><strong>obsessurus</strong></span> <span class='ocrx_word' id='word_1_18' title='bbox 695 266 752 297; x_wconf 90' lang='lat' dir='ltr'><strong>est</strong></span> <span class='ocrx_word' id='word_1_19' title='bbox 771 266 960 297; x_wconf 87' lang='lat' dir='ltr'><strong>senatum.</strong></span> 
     </span>
    </p>

    <p class='ocr_par' dir='ltr' id='par_1_3' title="bbox 247 311 1374 460">
     <span class='ocr_line' id='line_1_4' title="bbox 303 311 1374 364; baseline 0 -14"><span class='ocrx_word' id='word_1_20' title='bbox 303 311 421 351; x_wconf 88' lang='lat' dir='ltr'><strong>Hanc</strong></span> <span class='ocrx_word' id='word_1_21' title='bbox 439 312 639 364; x_wconf 82' lang='lat' dir='ltr'><strong>epistolam</strong></span> <span class='ocrx_word' id='word_1_22' title='bbox 657 312 689 351; x_wconf 93' lang='lat' dir='ltr'><strong>si</strong></span> <span class='ocrx_word' id='word_1_23' title='bbox 706 312 811 351; x_wconf 91' lang='lat' dir='ltr'><strong>illius</strong></span> <span class='ocrx_word' id='word_1_24' title='bbox 835 312 1033 352; x_wconf 78' lang='lat' dir='ltr'><strong>tabellario</strong></span> <span class='ocrx_word' id='word_1_25' title='bbox 1051 311 1254 361; x_wconf 84' lang='lat' dir='ltr'><strong>dedissem,</strong></span> <span class='ocrx_word' id='word_1_26' title='bbox 1273 311 1374 350; x_wconf 87' lang='lat' dir='ltr'><strong>veri-</strong></span> 
     </span>
     <span class='ocr_line' id='line_1_5' title="bbox 247 364 1374 419; baseline 0.002 -16"><span class='ocrx_word' id='word_1_27' title='bbox 247 370 310 404; x_wconf 89' lang='lat' dir='ltr'><strong>tus</strong></span> <span class='ocrx_word' id='word_1_28' title='bbox 324 378 428 415; x_wconf 90' lang='lat' dir='ltr'><strong>sum,</strong></span> <span class='ocrx_word' id='word_1_29' title='bbox 447 378 496 404; x_wconf 90' lang='lat' dir='ltr'><strong>ne</strong></span> <span class='ocrx_word' id='word_1_30' title='bbox 515 366 687 406; x_wconf 81' lang='lat' dir='ltr'><strong>solveret.</strong></span> <span class='ocrx_word' id='word_1_31' title='bbox 717 366 856 419; x_wconf 78' lang='lat' dir='ltr'><strong>Itaque</strong></span> <span class='ocrx_word' id='word_1_32' title='bbox 869 366 959 406; x_wconf 89' lang='lat' dir='ltr'><strong>misi</strong></span> <span class='ocrx_word' id='word_1_33' title='bbox 971 364 1100 406; x_wconf 64' lang='lat' dir='ltr'><strong>dedita</strong></span> <span class='ocrx_word' id='word_1_34' title='bbox 1117 366 1257 418; x_wconf 61' lang='lat' dir='ltr'><strong>opera:</strong></span> <span class='ocrx_word' id='word_1_35' title='bbox 1290 375 1374 405; x_wconf 83' lang='lat' dir='ltr'><strong>erat</strong></span> 
     </span>
     <span class='ocr_line' id='line_1_6' title="bbox 249 419 765 460; baseline 0.002 -2"><span class='ocrx_word' id='word_1_36' title='bbox 249 419 354 458; x_wconf 87' lang='lat' dir='ltr'><strong>enim</strong></span> <span class='ocrx_word' id='word_1_37' title='bbox 372 420 657 459; x_wconf 84' lang='lat' dir='ltr'><strong>rescribendum</strong></span> <span class='ocrx_word' id='word_1_38' title='bbox 675 421 765 460; x_wconf 90' lang='lat' dir='ltr'><strong>tuis.</strong></span> 
     </span>
    </p>

    <p class='ocr_par' dir='ltr' id='par_1_4' title="bbox 239 472 1373 1067">
     <span class='ocr_line' id='line_1_7' title="bbox 301 472 1373 526; baseline 0.001 -14"><span class='ocrx_word' id='word_1_39' title='bbox 301 472 436 521; x_wconf 87' lang='lat' dir='ltr'><strong>Quam</strong></span> <span class='ocrx_word' id='word_1_40' title='bbox 463 475 617 524; x_wconf 84' lang='lat' dir='ltr'><strong>veUem,</strong></span> <span class='ocrx_word' id='word_1_41' title='bbox 641 476 769 514; x_wconf 92' lang='lat' dir='ltr'><strong>Bruto</strong></span> <span class='ocrx_word' id='word_1_42' title='bbox 798 474 971 514; x_wconf 87' lang='lat' dir='ltr'><strong>studium</strong></span> <span class='ocrx_word' id='word_1_43' title='bbox 999 482 1114 514; x_wconf 89' lang='lat' dir='ltr'><strong>tuum</strong></span> <span class='ocrx_word' id='word_1_44' title='bbox 1142 487 1283 514; x_wconf 88' lang='lat' dir='ltr'><strong>navare</strong></span> <span class='ocrx_word' id='word_1_45' title='bbox 1300 487 1373 526; x_wconf 71' lang='lat' dir='ltr'><strong>pu«</strong></span> 
     </span>
     <span class='ocr_line' id='line_1_8' title="bbox 247 527 1372 581; baseline 0 -15"><span class='ocrx_word' id='word_1_46' title='bbox 247 527 385 567; x_wconf 82' lang='lat' dir='ltr'><strong>tuisses</strong></span> <span class='ocrx_word' id='word_1_47' title='bbox 404 529 414 567; x_wconf 74' lang='grc' dir='ltr'><strong>Ξ</strong></span> <span class='ocrx_word' id='word_1_48' title='bbox 445 541 516 580; x_wconf 88' lang='lat' dir='ltr'><strong>ego</strong></span> <span class='ocrx_word' id='word_1_49' title='bbox 534 529 652 581; x_wconf 88' lang='lat' dir='ltr'><strong>igitur</strong></span> <span class='ocrx_word' id='word_1_50' title='bbox 680 530 729 568; x_wconf 80' lang='lat' dir='ltr'><strong>ad</strong></span> <span class='ocrx_word' id='word_1_51' title='bbox 753 543 843 568; x_wconf 90' lang='lat' dir='ltr'><strong>eum</strong></span> <span class='ocrx_word' id='word_1_52' title='bbox 866 529 1006 568; x_wconf 79' lang='lat' dir='ltr'><strong>literas.</strong></span> <span class='ocrx_word' id='word_1_53' title='bbox 1035 529 1102 567; x_wconf 89' lang='lat' dir='ltr'><strong>Ad</strong></span> <span class='ocrx_word' id='word_1_54' title='bbox 1122 529 1372 568; x_wconf 85' lang='lat' dir='ltr'><strong>Dolabellam</strong></span> 
     </span>
     <span class='ocr_line' id='line_1_9' title="bbox 245 580 1372 622; baseline 0.001 -2"><span class='ocrx_word' id='word_1_55' title='bbox 245 580 431 621; x_wconf 79' lang='lat' dir='ltr'>Tironem</span> <span class='ocrx_word' id='word_1_56' title='bbox 454 583 544 622; x_wconf 90' lang='lat' dir='ltr'><strong>misi</strong></span> <span class='ocrx_word' id='word_1_57' title='bbox 564 596 652 622; x_wconf 89' lang='lat' dir='ltr'><strong>cum</strong></span> <span class='ocrx_word' id='word_1_58' title='bbox 677 584 870 622; x_wconf 84' lang='lat' dir='ltr'><strong>mandatis</strong></span> <span class='ocrx_word' id='word_1_59' title='bbox 897 591 935 622; x_wconf 81' lang='lat' dir='ltr'><strong>et</strong></span> <span class='ocrx_word' id='word_1_60' title='bbox 962 583 1093 622; x_wconf 86' lang='lat' dir='ltr'><strong>literis.</strong></span> <span class='ocrx_word' id='word_1_61' title='bbox 1123 583 1232 622; x_wconf 90' lang='lat' dir='ltr'><strong>Eum</strong></span> <span class='ocrx_word' id='word_1_62' title='bbox 1257 582 1308 621; x_wconf 87' lang='lat' dir='ltr'><strong>ad</strong></span> <span class='ocrx_word' id='word_1_63' title='bbox 1332 589 1372 621; x_wconf 87' lang='lat' dir='ltr'><strong>te</strong></span> 
     </span>
     <span class='ocr_line' id='line_1_10' title="bbox 241 637 1368 690; baseline 0 -15"><span class='ocrx_word' id='word_1_64' title='bbox 241 637 419 684; x_wconf 73' lang='lat' dir='ltr'><strong>vocabis3</strong></span> <span class='ocrx_word' id='word_1_65' title='bbox 449 645 499 686; x_wconf 85' lang='lat' dir='ltr'><strong>et,</strong></span> <span class='ocrx_word' id='word_1_66' title='bbox 530 638 562 676; x_wconf 88' lang='lat' dir='ltr'><strong>si</strong></span> <span class='ocrx_word' id='word_1_67' title='bbox 588 638 683 690; x_wconf 90' lang='lat' dir='ltr'><strong>quid</strong></span> <span class='ocrx_word' id='word_1_68' title='bbox 707 639 866 677; x_wconf 84' lang='lat' dir='ltr'><strong>habebis</strong></span> <span class='ocrx_word' id='word_1_69' title='bbox 893 638 998 689; x_wconf 88' lang='lat' dir='ltr'><strong>quod</strong></span> <span class='ocrx_word' id='word_1_70' title='bbox 1026 638 1188 689; x_wconf 84' lang='lat' dir='ltr'><strong>placeat,</strong></span> <span class='ocrx_word' id='word_1_71' title='bbox 1215 637 1368 676; x_wconf 83' lang='lat' dir='ltr'><strong>scribes.</strong></span> 
     </span>
     <span class='ocr_line' id='line_1_11' title="bbox 240 690 1371 739; baseline -0.001 -10"><span class='ocrx_word' id='word_1_72' title='bbox 240 690 343 729; x_wconf 88' lang='lat' dir='ltr'><strong>Ecce</strong></span> <span class='ocrx_word' id='word_1_73' title='bbox 361 699 492 731; x_wconf 84' lang='lat' dir='ltr'><strong>autem</strong></span> <span class='ocrx_word' id='word_1_74' title='bbox 518 692 565 730; x_wconf 86' lang='lat' dir='ltr'><strong>de</strong></span> <span class='ocrx_word' id='word_1_75' title='bbox 593 700 805 731; x_wconf 86' lang='lat' dir='ltr'><strong>transverso</strong></span> <span class='ocrx_word' id='word_1_76' title='bbox 830 692 879 730; x_wconf 88' lang='lat' dir='ltr'><strong>L.</strong></span> <span class='ocrx_word' id='word_1_77' title='bbox 902 691 1047 739; x_wconf 88' lang='lat' dir='ltr'><strong>Caesar,</strong></span> <span class='ocrx_word' id='word_1_78' title='bbox 1073 699 1118 730; x_wconf 89' lang='lat' dir='ltr'><strong>ut</strong></span> <span class='ocrx_word' id='word_1_79' title='bbox 1136 691 1290 730; x_wconf 88' lang='lat' dir='ltr'><strong>veniam</strong></span> <span class='ocrx_word' id='word_1_80' title='bbox 1319 690 1371 728; x_wconf 78' lang='lat' dir='ltr'><strong>ad</strong></span> 
     </span>
     <span class='ocr_line' id='line_1_12' title="bbox 241 744 1371 797; baseline 0 -15"><span class='ocrx_word' id='word_1_81' title='bbox 241 757 295 792; x_wconf 76' lang='lat' dir='ltr'><strong>se,</strong></span> <span class='ocrx_word' id='word_1_82' title='bbox 329 753 452 797; x_wconf 88' lang='lat' dir='ltr'><strong>rogat,</strong></span> <span class='ocrx_word' id='word_1_83' title='bbox 483 746 526 784; x_wconf 92' lang='lat' dir='ltr'><strong>in</strong></span> <span class='ocrx_word' id='word_1_84' title='bbox 554 747 735 791; x_wconf 80' lang='lat' dir='ltr'><strong>Nemus3</strong></span> <span class='ocrx_word' id='word_1_85' title='bbox 767 754 834 785; x_wconf 87' lang='lat' dir='ltr'><strong>aut</strong></span> <span class='ocrx_word' id='word_1_86' title='bbox 861 746 1040 793; x_wconf 88' lang='lat' dir='ltr'><strong>scribam,</strong></span> <span class='ocrx_word' id='word_1_87' title='bbox 1072 758 1151 797; x_wconf 91' lang='lat' dir='ltr'><strong>quo</strong></span> <span class='ocrx_word' id='word_1_88' title='bbox 1179 758 1219 784; x_wconf 87' lang='lat' dir='ltr'><strong>se</strong></span> <span class='ocrx_word' id='word_1_89' title='bbox 1241 744 1371 783; x_wconf 88' lang='lat' dir='ltr'><strong>venire</strong></span> 
     </span>
     <span class='ocr_line' id='line_1_13' title="bbox 239 797 1370 852; baseline 0 -15"><span class='ocrx_word' id='word_1_90' title='bbox 239 799 384 837; x_wconf 85' lang='lat' dir='ltr'><strong>velim:</strong></span> <span class='ocrx_word' id='word_1_91' title='bbox 415 800 541 838; x_wconf 82' lang='lat' dir='ltr'><strong>Bruto</strong></span> <span class='ocrx_word' id='word_1_92' title='bbox 566 800 670 839; x_wconf 87' lang='lat' dir='ltr'><strong>enim</strong></span> <span class='ocrx_word' id='word_1_93' title='bbox 694 801 859 852; x_wconf 87' lang='lat' dir='ltr'><strong>placere,</strong></span> <span class='ocrx_word' id='word_1_94' title='bbox 889 813 928 838; x_wconf 88' lang='lat' dir='ltr'><strong>se</strong></span> <span class='ocrx_word' id='word_1_95' title='bbox 955 813 979 838; x_wconf 92' lang='lat' dir='ltr'><strong>a</strong></span> <span class='ocrx_word' id='word_1_96' title='bbox 1005 812 1070 838; x_wconf 89' lang='lat' dir='ltr'><strong>me</strong></span> <span class='ocrx_word' id='word_1_97' title='bbox 1097 798 1303 838; x_wconf 84' lang='lat' dir='ltr'><strong>conveniri.</strong></span> <span class='ocrx_word' id='word_1_98' title='bbox 1332 797 1370 837; x_wconf 92' lang='grc' dir='ltr'>Ο</span> 
     </span>
     <span class='ocr_line' id='line_1_14' title="bbox 240 852 1370 904; baseline 0 -13"><span class='ocrx_word' id='word_1_99' title='bbox 240 865 323 891; x_wconf 83' lang='lat' dir='ltr'><strong>rem</strong></span> <span class='ocrx_word' id='word_1_100' title='bbox 343 853 513 892; x_wconf 80' lang='lat' dir='ltr'><strong>odiosam</strong></span> <span class='ocrx_word' id='word_1_101' title='bbox 533 861 571 891; x_wconf 90' lang='lat' dir='ltr'><strong>et</strong></span> <span class='ocrx_word' id='word_1_102' title='bbox 595 854 932 904; x_wconf 83' lang='lat' dir='ltr'><strong>inexplicabilem!</strong></span> <span class='ocrx_word' id='word_1_103' title='bbox 963 860 1059 904; x_wconf 81' lang='lat' dir='ltr'><strong>puto</strong></span> <span class='ocrx_word' id='word_1_104' title='bbox 1080 866 1145 892; x_wconf 89' lang='lat' dir='ltr'><strong>me</strong></span> <span class='ocrx_word' id='word_1_105' title='bbox 1174 865 1264 904; x_wconf 85' lang='lat' dir='ltr'><strong>ergo</strong></span> <span class='ocrx_word' id='word_1_106' title='bbox 1291 852 1370 891; x_wconf 88' lang='lat' dir='ltr'><strong>itu-</strong></span> 
     </span>
     <span class='ocr_line' id='line_1_15' title="bbox 241 905 1370 958; baseline 0.001 -14"><span class='ocrx_word' id='word_1_107' title='bbox 241 919 345 955; x_wconf 90' lang='lat' dir='ltr'><strong>rum,</strong></span> <span class='ocrx_word' id='word_1_108' title='bbox 367 914 404 945; x_wconf 91' lang='lat' dir='ltr'><strong>et</strong></span> <span class='ocrx_word' id='word_1_109' title='bbox 427 906 518 944; x_wconf 90' lang='lat' dir='ltr'><strong>inde</strong></span> <span class='ocrx_word' id='word_1_110' title='bbox 544 906 744 951; x_wconf 80' lang='lat' dir='ltr'><strong>Romam3</strong></span> <span class='ocrx_word' id='word_1_111' title='bbox 774 906 847 945; x_wconf 90' lang='lat' dir='ltr'><strong>nisi</strong></span> <span class='ocrx_word' id='word_1_112' title='bbox 872 905 967 958; x_wconf 86' lang='lat' dir='ltr'><strong>quid</strong></span> <span class='ocrx_word' id='word_1_113' title='bbox 991 906 1156 945; x_wconf 63' lang='lat' dir='ltr'><strong>mutato.</strong></span> <span class='ocrx_word' id='word_1_114' title='bbox 1187 907 1370 945; x_wconf 84' lang='lat' dir='ltr'><strong>Summa·-</strong></span> 
     </span>
     <span class='ocr_line' id='line_1_16' title="bbox 240 959 1371 1006; baseline 0.002 -8"><span class='ocrx_word' id='word_1_115' title='bbox 240 960 313 998; x_wconf 85' lang='lat' dir='ltr'><strong>tim</strong></span> <span class='ocrx_word' id='word_1_116' title='bbox 343 960 470 999; x_wconf 87' lang='lat' dir='ltr'><strong>adhuc</strong></span> <span class='ocrx_word' id='word_1_117' title='bbox 499 959 549 998; x_wconf 89' lang='lat' dir='ltr'><strong>ad</strong></span> <span class='ocrx_word' id='word_1_118' title='bbox 581 967 648 1006; x_wconf 65' lang='grc' dir='ltr'><strong>τες</strong></span> <span class='ocrx_word' id='word_1_119' title='bbox 678 959 874 999; x_wconf 87' lang='lat' dir='ltr'><strong>nihildum</strong></span> <span class='ocrx_word' id='word_1_120' title='bbox 906 960 1010 998; x_wconf 88' lang='lat' dir='ltr'><strong>enim</strong></span> <span class='ocrx_word' id='word_1_121' title='bbox 1039 973 1064 998; x_wconf 89' lang='lat' dir='ltr'><strong>a</strong></span> <span class='ocrx_word' id='word_1_122' title='bbox 1093 960 1233 1000; x_wconf 85' lang='lat' dir='ltr'><strong>Balbo.</strong></span> <span class='ocrx_word' id='word_1_123' title='bbox 1263 959 1371 1000; x_wconf 86' lang='lat' dir='ltr'><strong>Tuas</strong></span> 
     </span>
     <span class='ocr_line' id='line_1_17' title="bbox 240 1013 1369 1067; baseline 0.002 -15"><span class='ocrx_word' id='word_1_124' title='bbox 240 1013 360 1066; x_wconf 88' lang='lat' dir='ltr'><strong>igitur</strong></span> <span class='ocrx_word' id='word_1_125' title='bbox 378 1021 570 1067; x_wconf 59' lang='lat' dir='ltr'><strong>aspectu,</strong></span> <span class='ocrx_word' id='word_1_126' title='bbox 597 1026 668 1053; x_wconf 89' lang='lat' dir='ltr'><strong>nec</strong></span> <span class='ocrx_word' id='word_1_127' title='bbox 685 1021 861 1054; x_wconf 85' lang='lat' dir='ltr'><strong>actorum</strong></span> <span class='ocrx_word' id='word_1_128' title='bbox 878 1014 1020 1064; x_wconf 88' lang='lat' dir='ltr'><strong>solum,</strong></span> <span class='ocrx_word' id='word_1_129' title='bbox 1041 1014 1106 1054; x_wconf 88' lang='lat' dir='ltr'><strong>sed</strong></span> <span class='ocrx_word' id='word_1_130' title='bbox 1125 1015 1242 1054; x_wconf 83' lang='lat' dir='ltr'><strong>etiam</strong></span> <span class='ocrx_word' id='word_1_131' title='bbox 1259 1014 1369 1054; x_wconf 81' lang='lat' dir='ltr'><strong>futu-</strong></span> 
     </span>
    </p>
   </div>
   <div class='ocr_carea' id='block_1_3' title="bbox 242 1081 386 1108">
    <p class='ocr_par' dir='ltr' id='par_1_5' title="bbox 242 1081 386 1108">
     <span class='ocr_line' id='line_1_18' title="bbox 242 1081 386 1108; baseline -0.007 0"><span class='ocrx_word' id='word_1_132' title='bbox 242 1081 386 1108; x_wconf 87' lang='lat' dir='ltr'><strong>rorum.</strong></span> 
     </span>
    </p>
   </div>
   <div class='ocr_carea' id='block_1_4' title="bbox 471 1225 1126 1277">
    <p class='ocr_par' dir='ltr' id='par_1_6' title="bbox 471 1225 1126 1277">
     <span class='ocr_line' id='line_1_19' title="bbox 471 1225 1126 1277; baseline -0.009 -6"><span class='ocrx_word' id='word_1_133' title='bbox 471 1226 562 1277; x_wconf 87' lang='lat'>(5.)</span> <span class='ocrx_word' id='word_1_134' title='bbox 594 1225 809 1266; x_wconf 73' lang='lat' dir='ltr'><strong>menno</strong></span> <span class='ocrx_word' id='word_1_135' title='bbox 838 1225 1058 1267; x_wconf 84' lang='lat' dir='ltr'><strong>ATT1co</strong></span> <span class='ocrx_word' id='word_1_136' title='bbox 1086 1228 1126 1268; x_wconf 88' lang='lat' dir='ltr'><strong>s.</strong></span> 
     </span>
    </p>
   </div>
   <div class='ocr_carea' id='block_1_5' title="bbox 225 1335 1367 2200">
    <p class='ocr_par' dir='ltr' id='par_1_7' title="bbox 232 1335 1367 1808">
     <span class='ocr_line' id='line_1_20' title="bbox 291 1335 1367 1377; baseline 0.003 -3"><span class='ocrx_word' id='word_1_137' title='bbox 291 1335 334 1374; x_wconf 89' lang='lat' dir='ltr'>A</span> <span class='ocrx_word' id='word_1_138' title='bbox 361 1335 489 1375; x_wconf 86' lang='lat' dir='ltr'><strong>Bruto</strong></span> <span class='ocrx_word' id='word_1_139' title='bbox 517 1335 739 1375; x_wconf 83' lang='lat' dir='ltr'><strong>tabellarius</strong></span> <span class='ocrx_word' id='word_1_140' title='bbox 770 1335 910 1374; x_wconf 84' lang='lat' dir='ltr'><strong>rediit:</strong></span> <span class='ocrx_word' id='word_1_141' title='bbox 941 1335 1072 1375; x_wconf 82' lang='lat' dir='ltr'><strong>attulit</strong></span> <span class='ocrx_word' id='word_1_142' title='bbox 1100 1342 1139 1374; x_wconf 88' lang='lat' dir='ltr'><strong>et</strong></span> <span class='ocrx_word' id='word_1_143' title='bbox 1169 1338 1218 1376; x_wconf 92' lang='lat' dir='ltr'><strong>ab</strong></span> <span class='ocrx_word' id='word_1_144' title='bbox 1251 1351 1296 1377; x_wconf 88' lang='lat' dir='ltr'><strong>eo</strong></span> <span class='ocrx_word' id='word_1_145' title='bbox 1327 1345 1367 1377; x_wconf 89' lang='lat' dir='ltr'><strong>et</strong></span> 
     </span>
     <span class='ocr_line' id='line_1_21' title="bbox 241 1388 1364 1443; baseline 0 -13"><span class='ocrx_word' id='word_1_146' title='bbox 241 1388 387 1430; x_wconf 87' lang='lat' dir='ltr'><strong>Cassio.</strong></span> <span class='ocrx_word' id='word_1_147' title='bbox 429 1389 648 1430; x_wconf 88' lang='lat' dir='ltr'><strong>Consilium</strong></span> <span class='ocrx_word' id='word_1_148' title='bbox 683 1402 817 1428; x_wconf 86' lang='lat' dir='ltr'><strong>meum</strong></span> <span class='ocrx_word' id='word_1_149' title='bbox 854 1402 1089 1442; x_wconf 84' lang='lat' dir='ltr'><strong>magnopere</strong></span> <span class='ocrx_word' id='word_1_150' title='bbox 1123 1392 1334 1443; x_wconf 82' lang='lat' dir='ltr'><strong>exquirunt</strong></span> <span class='ocrx_word' id='word_1_151' title='bbox 1351 1406 1364 1430; x_wconf 73' lang='grc' dir='ltr'><em>ε</em></span> 
     </span>
     <span class='ocr_line' id='line_1_22' title="bbox 236 1444 1362 1496; baseline 0.003 -13"><span class='ocrx_word' id='word_1_152' title='bbox 236 1444 387 1484; x_wconf 90' lang='lat' dir='ltr'><strong>Brutus</strong></span> <span class='ocrx_word' id='word_1_153' title='bbox 405 1444 577 1496; x_wconf 89' lang='lat' dir='ltr'><strong>quidem,</strong></span> <span class='ocrx_word' id='word_1_154' title='bbox 597 1452 731 1482; x_wconf 87' lang='lat' dir='ltr'><strong>utrum</strong></span> <span class='ocrx_word' id='word_1_155' title='bbox 745 1444 794 1483; x_wconf 91' lang='lat' dir='ltr'><strong>de</strong></span> <span class='ocrx_word' id='word_1_156' title='bbox 807 1444 972 1483; x_wconf 88' lang='lat' dir='ltr'><strong>duobus.</strong></span> <span class='ocrx_word' id='word_1_157' title='bbox 1001 1444 1040 1483; x_wconf 88' lang='lat' dir='ltr'>O</span> <span class='ocrx_word' id='word_1_158' title='bbox 1055 1457 1138 1483; x_wconf 90' lang='lat' dir='ltr'><strong>rem</strong></span> <span class='ocrx_word' id='word_1_159' title='bbox 1151 1446 1331 1485; x_wconf 87' lang='lat' dir='ltr'><strong>miseram</strong></span> <span class='ocrx_word' id='word_1_160' title='bbox 1350 1447 1362 1485; x_wconf 75' lang='lat' dir='ltr'><strong>l</strong></span> 
     </span>
     <span class='ocr_line' id='line_1_23' title="bbox 234 1498 1366 1553; baseline 0.003 -16"><span class='ocrx_word' id='word_1_161' title='bbox 234 1499 350 1551; x_wconf 86' lang='lat' dir='ltr'><strong>plane</strong></span> <span class='ocrx_word' id='word_1_162' title='bbox 368 1511 446 1537; x_wconf 92' lang='lat' dir='ltr'><strong>non</strong></span> <span class='ocrx_word' id='word_1_163' title='bbox 464 1498 601 1545; x_wconf 85' lang='lat' dir='ltr'><strong>habeo,</strong></span> <span class='ocrx_word' id='word_1_164' title='bbox 618 1498 722 1550; x_wconf 89' lang='lat' dir='ltr'><strong>quod</strong></span> <span class='ocrx_word' id='word_1_165' title='bbox 737 1499 912 1538; x_wconf 88' lang='lat' dir='ltr'><strong>scribam.</strong></span> <span class='ocrx_word' id='word_1_166' title='bbox 941 1499 1082 1550; x_wconf 84' lang='lat' dir='ltr'><strong>Itaque</strong></span> <span class='ocrx_word' id='word_1_167' title='bbox 1100 1498 1250 1539; x_wconf 86' lang='lat' dir='ltr'><strong>silentio</strong></span> <span class='ocrx_word' id='word_1_168' title='bbox 1269 1508 1366 1553; x_wconf 91' lang='lat' dir='ltr'><strong>puto</strong></span> 
     </span>
     <span class='ocr_line' id='line_1_24' title="bbox 234 1552 1365 1605; baseline 0.003 -14"><span class='ocrx_word' id='word_1_169' title='bbox 234 1565 301 1591; x_wconf 89' lang='lat' dir='ltr'><strong>me</strong></span> <span class='ocrx_word' id='word_1_170' title='bbox 332 1566 526 1600; x_wconf 89' lang='lat' dir='ltr'><strong>usurum;</strong></span> <span class='ocrx_word' id='word_1_171' title='bbox 553 1553 627 1591; x_wconf 90' lang='lat' dir='ltr'><strong>nisi</strong></span> <span class='ocrx_word' id='word_1_172' title='bbox 652 1552 748 1605; x_wconf 89' lang='lat' dir='ltr'><strong>quid</strong></span> <span class='ocrx_word' id='word_1_173' title='bbox 775 1552 883 1591; x_wconf 83' lang='lat' dir='ltr'><strong>aliud</strong></span> <span class='ocrx_word' id='word_1_174' title='bbox 912 1553 984 1592; x_wconf 90' lang='lat' dir='ltr'><strong>tibi</strong></span> <span class='ocrx_word' id='word_1_175' title='bbox 1005 1552 1169 1592; x_wconf 85' lang='lat' dir='ltr'><strong>videtur.</strong></span> <span class='ocrx_word' id='word_1_176' title='bbox 1197 1555 1265 1593; x_wconf 90' lang='lat' dir='ltr'><strong>Sin</strong></span> <span class='ocrx_word' id='word_1_177' title='bbox 1293 1555 1365 1594; x_wconf 86' lang='lat' dir='ltr'><strong>tibi</strong></span> 
     </span>
     <span class='ocr_line' id='line_1_25' title="bbox 234 1605 1365 1659; baseline 0.003 -14"><span class='ocrx_word' id='word_1_178' title='bbox 234 1607 330 1659; x_wconf 89' lang='lat' dir='ltr'><strong>quid</strong></span> <span class='ocrx_word' id='word_1_179' title='bbox 355 1607 459 1646; x_wconf 88' lang='lat' dir='ltr'><strong>venit</strong></span> <span class='ocrx_word' id='word_1_180' title='bbox 482 1607 524 1645; x_wconf 90' lang='lat' dir='ltr'><strong>in</strong></span> <span class='ocrx_word' id='word_1_181' title='bbox 548 1614 733 1655; x_wconf 83' lang='lat' dir='ltr'><strong>mentem,</strong></span> <span class='ocrx_word' id='word_1_182' title='bbox 758 1607 893 1655; x_wconf 84' lang='lat' dir='ltr'><strong>scribe,</strong></span> <span class='ocrx_word' id='word_1_183' title='bbox 918 1619 1059 1658; x_wconf 88' lang='lat' dir='ltr'><strong>quaeso.</strong></span> <span class='ocrx_word' id='word_1_184' title='bbox 1090 1605 1249 1647; x_wconf 87' lang='lat' dir='ltr'><strong>Cassius</strong></span> <span class='ocrx_word' id='word_1_185' title='bbox 1275 1622 1365 1648; x_wconf 90' lang='lat' dir='ltr'><strong>vero</strong></span> 
     </span>
     <span class='ocr_line' id='line_1_26' title="bbox 233 1661 1363 1714; baseline 0.002 -14"><span class='ocrx_word' id='word_1_186' title='bbox 233 1661 479 1700; x_wconf 76' lang='lat' dir='ltr'><strong>vehementer</strong></span> <span class='ocrx_word' id='word_1_187' title='bbox 493 1670 575 1700; x_wconf 80' lang='lat' dir='ltr'><strong>orat</strong></span> <span class='ocrx_word' id='word_1_188' title='bbox 593 1674 637 1700; x_wconf 87' lang='lat' dir='ltr'><strong>ac</strong></span> <span class='ocrx_word' id='word_1_189' title='bbox 647 1661 758 1712; x_wconf 82' lang='lat' dir='ltr'><strong>petit,</strong></span> <span class='ocrx_word' id='word_1_190' title='bbox 775 1669 820 1700; x_wconf 89' lang='lat' dir='ltr'><strong>ut</strong></span> <span class='ocrx_word' id='word_1_191' title='bbox 839 1661 1017 1700; x_wconf 89' lang='lat' dir='ltr'><strong>Hirtium</strong></span> <span class='ocrx_word' id='word_1_192' title='bbox 1036 1674 1155 1713; x_wconf 88' lang='lat' dir='ltr'><strong>quam</strong></span> <span class='ocrx_word' id='word_1_193' title='bbox 1170 1663 1363 1714; x_wconf 84' lang='lat' dir='ltr'><strong>optimum</strong></span> 
     </span>
     <span class='ocr_line' id='line_1_27' title="bbox 232 1715 1362 1769; baseline 0.003 -15"><span class='ocrx_word' id='word_1_194' title='bbox 232 1715 385 1754; x_wconf 76' lang='lat' dir='ltr'><strong>faciam.</strong></span> <span class='ocrx_word' id='word_1_195' title='bbox 407 1717 555 1755; x_wconf 85' lang='lat' dir='ltr'><strong>Sanum</strong></span> <span class='ocrx_word' id='word_1_196' title='bbox 574 1719 719 1768; x_wconf 80' lang='lat' dir='ltr'><strong>putas?</strong></span> <span class='ocrx_word' id='word_1_197' title='bbox 740 1717 786 1753; x_wconf 86' lang='lat' dir='ltr'><strong>‘O</strong></span> <span class='ocrx_word' id='word_1_198' title='bbox 804 1723 959 1765; x_wconf 72' lang='grc' dir='ltr'><em>γναφευς</em></span> <span class='ocrx_word' id='word_1_199' title='bbox 982 1717 1189 1766; x_wconf 60' lang='grc' dir='ltr'><strong><em>ανὲρακευς.</em></strong></span> <span class='ocrx_word' id='word_1_200' title='bbox 1205 1716 1362 1769; x_wconf 77' lang='lat' dir='ltr'><strong>Episto-</strong></span> 
     </span>
     <span class='ocr_line' id='line_1_28' title="bbox 235 1769 524 1808; baseline 0 -1"><span class='ocrx_word' id='word_1_201' title='bbox 235 1769 316 1808; x_wconf 79' lang='lat' dir='ltr'><strong>lam</strong></span> <span class='ocrx_word' id='word_1_202' title='bbox 335 1770 406 1808; x_wconf 90' lang='lat' dir='ltr'><strong>tibi</strong></span> <span class='ocrx_word' id='word_1_203' title='bbox 424 1770 524 1808; x_wconf 86' lang='lat' dir='ltr'><strong>misi.</strong></span> 
     </span>
    </p>

    <p class='ocr_par' dir='ltr' id='par_1_8' title="bbox 225 1822 1361 2200">
     <span class='ocr_line' id='line_1_29' title="bbox 285 1822 1361 1875; baseline 0.003 -13"><span class='ocrx_word' id='word_1_204' title='bbox 285 1824 343 1862; x_wconf 88' lang='lat' dir='ltr'><strong>Ut</strong></span> <span class='ocrx_word' id='word_1_205' title='bbox 375 1831 419 1862; x_wconf 86' lang='lat' dir='ltr'><strong>tu</strong></span> <span class='ocrx_word' id='word_1_206' title='bbox 452 1824 498 1862; x_wconf 88' lang='lat' dir='ltr'><strong>de</strong></span> <span class='ocrx_word' id='word_1_207' title='bbox 527 1824 723 1875; x_wconf 66' lang='lat' dir='ltr'><strong>provincia</strong></span> <span class='ocrx_word' id='word_1_208' title='bbox 753 1823 870 1861; x_wconf 86' lang='lat' dir='ltr'><strong>Bruti</strong></span> <span class='ocrx_word' id='word_1_209' title='bbox 895 1830 932 1861; x_wconf 85' lang='lat' dir='ltr'><strong>et</strong></span> <span class='ocrx_word' id='word_1_210' title='bbox 952 1822 1073 1862; x_wconf 84' lang='lat' dir='ltr'><strong>Cassii</strong></span> <span class='ocrx_word' id='word_1_211' title='bbox 1098 1837 1167 1874; x_wconf 90' lang='lat' dir='ltr'><strong>per</strong></span> <span class='ocrx_word' id='word_1_212' title='bbox 1189 1827 1361 1865; x_wconf 64' lang='lat' dir='ltr'><strong>senatus-</strong></span> 
     </span>
     <span class='ocr_line' id='line_1_30' title="bbox 230 1877 1359 1932; baseline -0.002 -16"><span class='ocrx_word' id='word_1_213' title='bbox 230 1878 465 1925; x_wconf 88' lang='lat' dir='ltr'><strong>consultum,</strong></span> <span class='ocrx_word' id='word_1_214' title='bbox 485 1878 539 1915; x_wconf 89' lang='lat' dir='ltr'><strong>ita</strong></span> <span class='ocrx_word' id='word_1_215' title='bbox 553 1879 683 1916; x_wconf 86' lang='lat' dir='ltr'><strong>scribit</strong></span> <span class='ocrx_word' id='word_1_216' title='bbox 702 1886 739 1916; x_wconf 78' lang='lat' dir='ltr'><strong>et</strong></span> <span class='ocrx_word' id='word_1_217' title='bbox 757 1878 907 1915; x_wconf 86' lang='lat' dir='ltr'><strong>Balbus</strong></span> <span class='ocrx_word' id='word_1_218' title='bbox 923 1885 960 1916; x_wconf 90' lang='lat' dir='ltr'><strong>et</strong></span> <span class='ocrx_word' id='word_1_219' title='bbox 975 1877 1128 1915; x_wconf 76' lang='lat' dir='ltr'><strong>Hirtius</strong></span> <span class='ocrx_word' id='word_1_220' title='bbox 1145 1892 1156 1915; x_wconf 93' lang='lat'>:</span> <span class='ocrx_word' id='word_1_221' title='bbox 1187 1879 1256 1930; x_wconf 89' lang='lat' dir='ltr'><strong>qui</strong></span> <span class='ocrx_word' id='word_1_222' title='bbox 1271 1881 1359 1932; x_wconf 89' lang='lat' dir='ltr'><strong>qui.</strong></span> 
     </span>
     <span class='ocr_line' id='line_1_31' title="bbox 227 1931 1358 1981; baseline -0.003 -10"><span class='ocrx_word' id='word_1_223' title='bbox 227 1933 332 1981; x_wconf 88' lang='lat' dir='ltr'><strong>dem,</strong></span> <span class='ocrx_word' id='word_1_224' title='bbox 349 1945 390 1970; x_wconf 87' lang='lat' dir='ltr'><strong>se</strong></span> <span class='ocrx_word' id='word_1_225' title='bbox 407 1939 581 1970; x_wconf 83' lang='lat' dir='ltr'><strong>actutum</strong></span> <span class='ocrx_word' id='word_1_226' title='bbox 599 1947 608 1969; x_wconf 91' lang='lat'><strong>:</strong></span> <span class='ocrx_word' id='word_1_227' title='bbox 633 1932 773 1970; x_wconf 86' lang='lat' dir='ltr'><strong>etenim</strong></span> <span class='ocrx_word' id='word_1_228' title='bbox 785 1933 869 1981; x_wconf 84' lang='lat' dir='ltr'><strong>jam</strong></span> <span class='ocrx_word' id='word_1_229' title='bbox 883 1931 923 1969; x_wconf 87' lang='lat' dir='ltr'><strong>in</strong></span> <span class='ocrx_word' id='word_1_230' title='bbox 939 1931 1159 1970; x_wconf 86' lang='lat' dir='ltr'><strong>Tusculano</strong></span> <span class='ocrx_word' id='word_1_231' title='bbox 1179 1941 1261 1979; x_wconf 84' lang='lat' dir='ltr'><strong>est;</strong></span> <span class='ocrx_word' id='word_1_232' title='bbox 1283 1935 1358 1972; x_wconf 90' lang='lat' dir='ltr'><strong>mi.</strong></span> 
     </span>
     <span class='ocr_line' id='line_1_32' title="bbox 228 1986 1358 2039; baseline -0.003 -14"><span class='ocrx_word' id='word_1_233' title='bbox 228 1987 363 2038; x_wconf 89' lang='lat' dir='ltr'><strong>hique,</strong></span> <span class='ocrx_word' id='word_1_234' title='bbox 383 1992 429 2024; x_wconf 89' lang='lat' dir='ltr'><strong>ut</strong></span> <span class='ocrx_word' id='word_1_235' title='bbox 447 1986 584 2034; x_wconf 77' lang='lat' dir='ltr'><strong>absim,</strong></span> <span class='ocrx_word' id='word_1_236' title='bbox 605 1986 849 2024; x_wconf 84' lang='lat' dir='ltr'><strong>vehementer</strong></span> <span class='ocrx_word' id='word_1_237' title='bbox 867 1993 998 2024; x_wconf 89' lang='lat' dir='ltr'><strong>auctor</strong></span> <span class='ocrx_word' id='word_1_238' title='bbox 1016 1992 1071 2023; x_wconf 86' lang='lat' dir='ltr'><strong>est</strong></span> <span class='ocrx_word' id='word_1_239' title='bbox 1086 1999 1098 2023; x_wconf 85' lang='lat'>:</span> <span class='ocrx_word' id='word_1_240' title='bbox 1129 1993 1167 2024; x_wconf 90' lang='lat' dir='ltr'><strong>et</strong></span> <span class='ocrx_word' id='word_1_241' title='bbox 1183 1986 1251 2025; x_wconf 84' lang='lat' dir='ltr'><strong>ille</strong></span> <span class='ocrx_word' id='word_1_242' title='bbox 1270 1988 1358 2039; x_wconf 89' lang='lat' dir='ltr'><strong>qui.</strong></span> 
     </span>
     <span class='ocr_line' id='line_1_33' title="bbox 228 2038 1354 2092; baseline 0.001 -13"><span class='ocrx_word' id='word_1_243' title='bbox 228 2041 320 2080; x_wconf 86' lang='lat' dir='ltr'><strong>dem</strong></span> <span class='ocrx_word' id='word_1_244' title='bbox 342 2039 503 2092; x_wconf 89' lang='lat' dir='ltr'><strong>periculi</strong></span> <span class='ocrx_word' id='word_1_245' title='bbox 532 2041 672 2086; x_wconf 45' lang='lat' dir='ltr'><strong>causam</strong></span> <span class='ocrx_word' id='word_1_246' title='bbox 703 2039 808 2092; x_wconf 90' lang='lat' dir='ltr'><strong>quod</strong></span> <span class='ocrx_word' id='word_1_247' title='bbox 838 2038 911 2078; x_wconf 86' lang='lat' dir='ltr'><strong>sibi</strong></span> <span class='ocrx_word' id='word_1_248' title='bbox 941 2038 1056 2078; x_wconf 85' lang='lat' dir='ltr'><strong>etiam</strong></span> <span class='ocrx_word' id='word_1_249' title='bbox 1085 2039 1203 2078; x_wconf 84' lang='lat' dir='ltr'><strong>fuisse</strong></span> <span class='ocrx_word' id='word_1_250' title='bbox 1231 2041 1325 2080; x_wconf 88' lang='lat' dir='ltr'><strong>dicit</strong></span> <span class='ocrx_word' id='word_1_251' title='bbox 1341 2057 1354 2080; x_wconf 70' lang='grc' dir='ltr'><strong><em>ε</em></strong></span> 
     </span>
     <span class='ocr_line' id='line_1_34' title="bbox 225 2093 1354 2146; baseline 0.002 -13"><span class='ocrx_word' id='word_1_252' title='bbox 225 2108 296 2146; x_wconf 89' lang='lat' dir='ltr'><strong>ego</strong></span> <span class='ocrx_word' id='word_1_253' title='bbox 314 2102 460 2141; x_wconf 83' lang='lat' dir='ltr'><strong>autem,</strong></span> <span class='ocrx_word' id='word_1_254' title='bbox 479 2093 595 2132; x_wconf 86' lang='lat' dir='ltr'><strong>etiam</strong></span> <span class='ocrx_word' id='word_1_255' title='bbox 613 2105 658 2132; x_wconf 93' lang='lat' dir='ltr'><strong>ut</strong></span> <span class='ocrx_word' id='word_1_256' title='bbox 677 2094 833 2132; x_wconf 87' lang='lat' dir='ltr'><strong>nullum</strong></span> <span class='ocrx_word' id='word_1_257' title='bbox 857 2093 1072 2144; x_wconf 86' lang='lat' dir='ltr'><strong>periculum</strong></span> <span class='ocrx_word' id='word_1_258' title='bbox 1092 2093 1141 2132; x_wconf 89' lang='lat' dir='ltr'><strong>sit</strong></span> <span class='ocrx_word' id='word_1_259' title='bbox 1157 2108 1168 2132; x_wconf 72' lang='lat' dir='ltr'>x</span> <span class='ocrx_word' id='word_1_260' title='bbox 1200 2101 1354 2135; x_wconf 86' lang='lat' dir='ltr'><strong>tantum</strong></span> 
     </span>
     <span class='ocr_line' id='line_1_35' title="bbox 227 2147 1351 2200; baseline 0 -12"><span class='ocrx_word' id='word_1_261' title='bbox 227 2150 346 2198; x_wconf 87' lang='lat' dir='ltr'><strong>abest,</strong></span> <span class='ocrx_word' id='word_1_262' title='bbox 380 2154 426 2187; x_wconf 88' lang='lat' dir='ltr'><strong>ut</strong></span> <span class='ocrx_word' id='word_1_263' title='bbox 441 2148 608 2187; x_wconf 89' lang='lat' dir='ltr'><strong>Antonii</strong></span> <span class='ocrx_word' id='word_1_264' title='bbox 634 2148 889 2200; x_wconf 88' lang='lat' dir='ltr'><strong>suspicionem</strong></span> <span class='ocrx_word' id='word_1_265' title='bbox 919 2147 1053 2199; x_wconf 81' lang='lat' dir='ltr'><strong>fugere</strong></span> <span class='ocrx_word' id='word_1_266' title='bbox 1077 2159 1181 2187; x_wconf 90' lang='lat' dir='ltr'><strong>nunc</strong></span> <span class='ocrx_word' id='word_1_267' title='bbox 1203 2161 1351 2199; x_wconf 88' lang='lat' dir='ltr'><strong>curem,</strong></span> 
     </span>
    </p>
   </div>
  </div>
 </body>
</html>
