1498 2401
182 86 263 125 338
347 85 427 124 AD
456 86 509 135 Q.
540 83 844 124 FRATREM.
874 82 975 123 Lm.
996 82 1079 122 ΙΙΙ.
1103 86 1143 123 8.

178 207 269 233 cum
298 207 398 234 esses
425 195 548 243 Sami,
579 194 730 234 curasse
748 193 980 234 faciendum.
1010 193 1125 243 Vale,
1145 194 1202 234 mi
1219 208 1307 235 sua-

185 248 340 289 vissime
360 258 397 289 et
415 249 560 301 optime
579 249 708 288 frater.

357 411 445 465 (8.)
478 412 716 453 MARCUS
745 412 804 461 Q.
827 411 1052 451 FRATRI
1081 414 1123 452 S.

235 523 563 572 (Argumentum.
587 543 638 551 -—·
665 522 729 560 De
761 520 923 561 Caesaris
941 520 1125 569 amicitia,
1152 528 1190 560 et
1218 534 1309 560 cau-

179 576 283 615 tione
301 577 343 615 in
359 577 479 616 literis
499 575 634 615 dandis
654 575 900 621 adhibend¹223
931 576 980 614 de
999 588 1066 627 spe
1083 576 1306 615 candidato-

180 643 288 724 ringis
289 633 507 670 consulatus
523 645 535 678 ;
565 631 613 670 de
635 630 835 670 dictaturae
853 630 1004 679 timore,
1025 637 1064 668 et
1080 630 1129 669 de
1147 630 1312 670 Milonis

201 699 227 723 u
259 686 266 693 '
291 693 321 734 .)

238 794 433 846 Superiori
459 795 629 846 epistolae
658 794 764 846 quod
794 793 1063 846 respondeam,
1097 793 1197 832 nihil
1226 801 1311 841 est;

185 862 273 900 quae
291 850 406 900 plena
432 849 618 888 stomachi
637 856 675 886 et
700 849 945 900 querelarum
969 855 1039 896 est,
1071 848 1170 899 (quo
1186 848 1230 887 in
1247 861 1315 900 ge-

184 915 275 942 nere
308 904 469 941 alteram
498 916 654 955 quoque
678 910 716 941 te
741 903 873 941 scribis
898 902 1021 955 pridie
1047 902 1222 942 Labieno
1249 903 1318 942 de-

185 957 313 1003 disse3
344 958 413 1010 qui
431 958 558 996 adhuc
583 970 661 996 non
681 955 881 1006 venerat):
912 956 1053 995 delevit
1080 957 1185 995 enim
1212 957 1312 996 mihi

187 1024 344 1050 omnem
368 1012 586 1050 molestiam
611 1012 797 1050 recentior
824 1011 997 1063 epistola.
1026 1010 1204 1050 Tantum
1221 1019 1260 1050 te
1278 1020 1316 1051 et

187 1079 326 1105 moneo
353 1074 390 1104 et
414 1079 521 1117 rogo,
548 1074 606 1116 ut,
627 1066 668 1104 in
693 1066 775 1105 istis
795 1065 981 1105 molestiis
1005 1072 1044 1104 et
1064 1065 1261 1104 laboribus
1279 1075 1316 1105 et

187 1120 398 1168 desideriis,
425 1121 633 1166 recordere
655 1121 859 1159 consilium
883 1128 1058 1159 nostrum
1077 1120 1184 1172 quod
1199 1120 1317 1159 fuerit

186 1174 431 1226 profectionis
461 1183 552 1214 tuae.
583 1176 677 1214 Non
701 1175 805 1213 enim
830 1174 1034 1214 commoda
1058 1174 1239 1227 quaedam
1258 1189 1318 1215 se-

187 1231 405 1280 quebamur
419 1243 538 1282 parva
549 1243 592 1269 ac
609 1229 828 1268 mediocria.
858 1229 968 1278 Quid
987 1229 1091 1267 enim
1106 1237 1200 1279 erat,
1216 1230 1323 1282 quod

186 1283 355 1322 discessu
392 1292 522 1323 nostro
559 1284 769 1323 emendum
799 1286 1058 1346 putaremus?
1088 1283 1321 1324 Prandium

188 1337 457 1377 firmissimum
488 1341 715 1390 petebamus
748 1351 797 1377 ex
828 1338 966 1390 optimi
998 1345 1036 1376 et
1064 1339 1321 1390 potentissimi

187 1393 260 1431 viri
279 1394 546 1432 benevolentia
556 1394 606 1432 ad
620 1406 777 1432 omnem
791 1400 936 1432 statum
949 1399 1089 1431 nostrae
1107 1392 1320 1445 dignitatis.

190 1447 313 1486 Plura
342 1456 541 1500 ponuntur
563 1449 605 1486 in
635 1461 716 1500 spe,
737 1460 858 1500 quam
880 1447 922 1485 in
939 1447 1139 1498 pecuniis:
1169 1447 1321 1501 reliqua

189 1502 240 1539 ad
255 1503 448 1551 jacturam
467 1510 675 1541 struentur.
704 1501 852 1551 Quare,
873 1502 905 1540 si
924 1503 1056 1540 crebro
1081 1501 1219 1540 referes
1237 1504 1323 1542 ani-

191 1568 304 1593 mum
332 1564 447 1595 tuum
467 1557 516 1595 ad
535 1557 724 1596 rationem
749 1564 786 1595 et
804 1556 942 1595 veteris
960 1555 1110 1594 consilii
1127 1557 1321 1606 nostri‚et

189 1610 285 1662 spei,
312 1611 462 1649 facilius
481 1612 573 1650 istos
591 1611 741 1650 militiae
764 1611 926 1659 labores,
947 1618 1160 1663 caeteraque
1178 1625 1267 1664 quae
1284 1619 1324 1652 te

190 1664 407 1714 offendunt,
439 1665 561 1704 feres:
604 1673 642 1704 et
674 1672 819 1715 tamen,
857 1678 949 1704 011111
985 1664 1103 1715 voles,
1137 1665 1321 1718 depones.

191 1718 268 1758 Sed
297 1720 379 1769 ejus
409 1720 463 1758 rei
492 1720 694 1758 maturitas
723 1719 947 1771 nequedum
974 1719 1095 1768 venit,
1121 1726 1160 1759 et
1191 1727 1323 1761 tamen

186 1774 271 1823 jam
291 1774 590 1825 appropinquat.
620 1774 756 1813 Etiam
769 1774 869 1813 illud
886 1782 924 1812 te
940 1773 1143 1823 admoneo,
1158 1786 1208 1813 ne
1226 1776 1324 1827 quid

191 1828 282 1866 ullis
295 1827 416 1866 literis
436 1829 668 1877 committas,
689 1828 795 1881 quod
817 1829 849 1867 si
861 1828 1057 1880 prolatum
1078 1828 1142 1877 sit,
1163 1830 1323 1870 moleste

190 1881 372 1921 feramus.
402 1882 535 1921 Multa
554 1890 659 1931 sunt,
691 1896 779 1935 quae
798 1895 869 1934 ego
893 1883 1037 1923 nescire
1054 1883 1174 1933 malo,
1201 1897 1324 1936 quam

193 1949 285 1975 cum
296 1936 427 1988 aliquo
445 1937 616 1988 periculo
635 1937 718 1976 fieri
737 1937 884 1976 certior.

246 1991 370 2029 Plura
387 1991 438 2029 ad
455 1998 493 2030 te
510 2005 631 2030 vacuo
655 1992 786 2030 animo
805 1992 984 2040 scribam,
1004 2005 1095 2031 011111
1114 1994 1176 2037 (ut
1195 2001 1323 2046 spero)

192 2058 232 2084 se
251 2044 385 2084 Cicero
403 2058 514 2084 meus
541 2046 642 2085 belle
665 2046 835 2086 habebit.
864 2045 944 2094 Tu,
971 2046 1103 2096 velim,
1135 2059 1257 2096 cures,
1277 2057 1324 2089 ut

193 2099 327 2148 sciam,
361 2099 503 2152 quibus
535 2113 606 2140 nos
638 2100 729 2140 dare
759 2108 934 2154 oporteat
962 2114 1040 2148 eas,
1070 2114 1168 2153 quas
1202 2102 1252 2141 ad
1283 2110 1323 2143 te

193 2153 332 2194 deinde
349 2154 479 2195 literas
497 2155 727 2204 mittemus;
757 2156 970 2197 Caesarisne
986 2156 1210 2208 tabellariis,
1229 2165 1274 2198 ut
1291 2158 1325 2198 15
