<?xml version="1.0" encoding="UTF-8"?>
<!DOCTYPE html PUBLIC "-//W3C//DTD XHTML 1.0 Transitional//EN"
    "http://www.w3.org/TR/xhtml1/DTD/xhtml1-transitional.dtd">
<html xmlns="http://www.w3.org/1999/xhtml" xml:lang="en" lang="en">
 <head>
  <title>
</title>
<meta http-equiv="Content-Type" content="text/html;charset=utf-8" />
  <meta name='ocr-system' content='tesseract 3.04.00' />
  <meta name='ocr-capabilities' content='ocr_page ocr_carea ocr_par ocr_line ocrx_word'/>
</head>
<body>
  <div class='ocr_page' id='page_1' title='image "./operaern11ciceuoft_0342.png"; bbox 0 0 1498 2401; ppageno 0'>
   <div class='ocr_carea' id='block_1_1' title="bbox 236 97 1186 147">
    <p class='ocr_par' dir='ltr' id='par_1_1' title="bbox 236 97 1186 147">
     <span class='ocr_line' id='line_1_1' title="bbox 236 97 1186 147; baseline 0.002 -12"><span class='ocrx_word' id='word_1_1' title='bbox 236 99 315 136; x_wconf 72' lang='lat'>323</span> <span class='ocrx_word' id='word_1_2' title='bbox 399 97 485 136; x_wconf 85' lang='lat' dir='ltr'>AD</span> <span class='ocrx_word' id='word_1_3' title='bbox 511 98 562 147; x_wconf 86' lang='lat' dir='ltr'>Q.</span> <span class='ocrx_word' id='word_1_4' title='bbox 593 99 892 138; x_wconf 76' lang='lat' dir='ltr'>FRATREM,</span> <span class='ocrx_word' id='word_1_5' title='bbox 922 99 1022 138; x_wconf 75' lang='lat' dir='ltr'>Lm.</span> <span class='ocrx_word' id='word_1_6' title='bbox 1045 99 1126 138; x_wconf 87' lang='lat'>111.</span> <span class='ocrx_word' id='word_1_7' title='bbox 1148 101 1186 138; x_wconf 71' lang='lat'>2.</span> 
     </span>
    </p>
   </div>
   <div class='ocr_carea' id='block_1_2' title="bbox 219 206 1390 1704">
    <p class='ocr_par' dir='ltr' id='par_1_2' title="bbox 227 206 1390 731">
     <span class='ocr_line' id='line_1_2' title="bbox 234 206 1348 255; baseline 0.001 -11"><span class='ocrx_word' id='word_1_8' title='bbox 234 213 284 254; x_wconf 78' lang='lat' dir='ltr'>te,</span> <span class='ocrx_word' id='word_1_9' title='bbox 304 206 352 245; x_wconf 86' lang='lat' dir='ltr'>de</span> <span class='ocrx_word' id='word_1_10' title='bbox 369 208 589 246; x_wconf 89' lang='lat' dir='ltr'>suburbano</span> <span class='ocrx_word' id='word_1_11' title='bbox 611 207 772 246; x_wconf 88' lang='lat' dir='ltr'>emendo</span> <span class='ocrx_word' id='word_1_12' title='bbox 791 221 879 246; x_wconf 90' lang='lat' dir='ltr'>cum</span> <span class='ocrx_word' id='word_1_13' title='bbox 903 207 952 246; x_wconf 93' lang='lat' dir='ltr'>ad</span> <span class='ocrx_word' id='word_1_14' title='bbox 969 208 1082 246; x_wconf 83' lang='lat' dir='ltr'>illum</span> <span class='ocrx_word' id='word_1_15' title='bbox 1097 207 1252 255; x_wconf 79' lang='lat' dir='ltr'>scribas,</span> <span class='ocrx_word' id='word_1_16' title='bbox 1270 218 1348 246; x_wconf 78' lang='lat' dir='ltr'>non</span> 
     </span>
     <span class='ocr_line' id='line_1_3' title="bbox 230 261 1350 309; baseline 0.001 -12"><span class='ocrx_word' id='word_1_17' title='bbox 230 261 346 299; x_wconf 86' lang='lat' dir='ltr'>modo</span> <span class='ocrx_word' id='word_1_18' title='bbox 364 261 413 298; x_wconf 87' lang='lat' dir='ltr'>ad</span> <span class='ocrx_word' id='word_1_19' title='bbox 427 274 490 299; x_wconf 91' lang='lat' dir='ltr'>me</span> <span class='ocrx_word' id='word_1_20' title='bbox 507 274 585 300; x_wconf 90' lang='lat' dir='ltr'>non</span> <span class='ocrx_word' id='word_1_21' title='bbox 605 263 778 309; x_wconf 84' lang='lat' dir='ltr'>scribere,</span> <span class='ocrx_word' id='word_1_22' title='bbox 792 262 856 300; x_wconf 86' lang='lat' dir='ltr'>sed</span> <span class='ocrx_word' id='word_1_23' title='bbox 876 262 991 300; x_wconf 89' lang='lat' dir='ltr'>etiam</span> <span class='ocrx_word' id='word_1_24' title='bbox 1009 262 1125 299; x_wconf 85' lang='lat' dir='ltr'>aliam</span> <span class='ocrx_word' id='word_1_25' title='bbox 1139 261 1179 299; x_wconf 86' lang='lat' dir='ltr'>in</span> <span class='ocrx_word' id='word_1_26' title='bbox 1199 268 1350 300; x_wconf 84' lang='lat' dir='ltr'><strong>senten-</strong></span> 
     </span>
     <span class='ocr_line' id='line_1_4' title="bbox 231 315 1349 364; baseline 0.002 -13"><span class='ocrx_word' id='word_1_27' title='bbox 231 315 326 352; x_wconf 87' lang='lat' dir='ltr'>tiam</span> <span class='ocrx_word' id='word_1_28' title='bbox 337 315 504 353; x_wconf 82' lang='lat' dir='ltr'>&#39;scribere</span> <span class='ocrx_word' id='word_1_29' title='bbox 521 329 533 361; x_wconf 79' lang='lat'><em>3</em></span> <span class='ocrx_word' id='word_1_30' title='bbox 564 323 615 363; x_wconf 88' lang='lat' dir='ltr'>et,</span> <span class='ocrx_word' id='word_1_31' title='bbox 635 329 724 354; x_wconf 91' lang='lat' dir='ltr'>cum</span> <span class='ocrx_word' id='word_1_32' title='bbox 747 316 796 354; x_wconf 87' lang='lat' dir='ltr'>ad</span> <span class='ocrx_word' id='word_1_33' title='bbox 813 316 923 354; x_wconf 86' lang='lat' dir='ltr'>illum</span> <span class='ocrx_word' id='word_1_34' title='bbox 945 316 1099 364; x_wconf 77' lang='lat' dir='ltr'>scribas,</span> <span class='ocrx_word' id='word_1_35' title='bbox 1118 316 1217 354; x_wconf 90' lang='lat' dir='ltr'>nihil</span> <span class='ocrx_word' id='word_1_36' title='bbox 1234 323 1273 353; x_wconf 91' lang='lat' dir='ltr'>te</span> <span class='ocrx_word' id='word_1_37' title='bbox 1289 328 1349 353; x_wconf 86' lang='lat' dir='ltr'>re-</span> 
     </span>
     <span class='ocr_line' id='line_1_5' title="bbox 231 367 1350 422; baseline 0.002 -17"><span class='ocrx_word' id='word_1_38' title='bbox 231 368 378 406; x_wconf 89' lang='lat' dir='ltr'>cordari</span> <span class='ocrx_word' id='word_1_39' title='bbox 399 367 466 418; x_wconf 91' lang='lat' dir='ltr'>[de</span> <span class='ocrx_word' id='word_1_40' title='bbox 485 371 560 422; x_wconf 79' lang='lat' dir='ltr'>se,]</span> <span class='ocrx_word' id='word_1_41' title='bbox 593 371 640 408; x_wconf 93' lang='lat' dir='ltr'>de</span> <span class='ocrx_word' id='word_1_42' title='bbox 659 370 826 421; x_wconf 88' lang='lat' dir='ltr'>epistolis</span> <span class='ocrx_word' id='word_1_43' title='bbox 842 371 933 417; x_wconf 90' lang='lat' dir='ltr'>illis,</span> <span class='ocrx_word' id='word_1_44' title='bbox 952 383 1048 421; x_wconf 86' lang='lat' dir='ltr'>quas</span> <span class='ocrx_word' id='word_1_45' title='bbox 1065 369 1106 408; x_wconf 91' lang='lat' dir='ltr'>in</span> <span class='ocrx_word' id='word_1_46' title='bbox 1126 369 1350 408; x_wconf 82' lang='lat' dir='ltr'>Tusculano</span> 
     </span>
     <span class='ocr_line' id='line_1_6' title="bbox 234 422 1390 476; baseline 0.001 -17"><span class='ocrx_word' id='word_1_47' title='bbox 234 423 318 470; x_wconf 87' lang='lat' dir='ltr'>ejus</span> <span class='ocrx_word' id='word_1_48' title='bbox 337 431 378 460; x_wconf 91' lang='lat' dir='ltr'>tu</span> <span class='ocrx_word' id='word_1_49' title='bbox 398 422 496 460; x_wconf 87' lang='lat' dir='ltr'>mihi</span> <span class='ocrx_word' id='word_1_50' title='bbox 521 424 729 469; x_wconf 69' lang='lat' dir='ltr'>ostendisti,</span> <span class='ocrx_word' id='word_1_51' title='bbox 751 425 848 462; x_wconf 80' lang='lat' dir='ltr'>nihil</span> <span class='ocrx_word' id='word_1_52' title='bbox 866 424 913 462; x_wconf 90' lang='lat' dir='ltr'>de</span> <span class='ocrx_word' id='word_1_53' title='bbox 938 424 1136 476; x_wconf 87' lang='lat' dir='ltr'>praeceptis</span> <span class='ocrx_word' id='word_1_54' title='bbox 1160 423 1349 475; x_wconf 81' lang='lat' dir='ltr'>Epichar-</span> <span class='ocrx_word' id='word_1_55' title='bbox 1388 468 1390 470; x_wconf 21' lang='grc' dir='ltr'>Ι</span> 
     </span>
     <span class='ocr_line' id='line_1_7' title="bbox 233 476 1349 529; baseline 0.003 -17"><span class='ocrx_word' id='word_1_56' title='bbox 233 477 304 524; x_wconf 83' lang='grc'>1111,</span> <span class='ocrx_word' id='word_1_57' title='bbox 327 479 454 522; x_wconf 65' lang='grc' dir='ltr'>ΓνωΞτι,</span> <span class='ocrx_word' id='word_1_58' title='bbox 469 493 547 521; x_wconf 74' lang='grc' dir='ltr'>,πως</span> <span class='ocrx_word' id='word_1_59' title='bbox 567 485 867 529; x_wconf 42' lang='lat' dir='ltr'>amium-[mma</span> <span class='ocrx_word' id='word_1_60' title='bbox 886 493 896 516; x_wconf 74' lang='grc' dir='ltr'><strong><em>ε</em></strong></span> <span class='ocrx_word' id='word_1_61' title='bbox 927 486 1053 516; x_wconf 86' lang='lat' dir='ltr'>totum</span> <span class='ocrx_word' id='word_1_62' title='bbox 1078 478 1244 529; x_wconf 85' lang='lat' dir='ltr'>denique</span> <span class='ocrx_word' id='word_1_63' title='bbox 1261 476 1349 515; x_wconf 86' lang='lat' dir='ltr'>vul-</span> 
     </span>
     <span class='ocr_line' id='line_1_8' title="bbox 228 530 1348 584; baseline 0.001 -17"><span class='ocrx_word' id='word_1_64' title='bbox 228 538 329 578; x_wconf 88' lang='lat' dir='ltr'>tum,</span> <span class='ocrx_word' id='word_1_65' title='bbox 345 530 535 580; x_wconf 83' lang='lat' dir='ltr'>animum,</span> <span class='ocrx_word' id='word_1_66' title='bbox 552 544 764 570; x_wconf 88' lang='lat' dir='ltr'>sermonem</span> <span class='ocrx_word' id='word_1_67' title='bbox 780 533 862 581; x_wconf 87' lang='lat' dir='ltr'>ejus</span> <span class='ocrx_word' id='word_1_68' title='bbox 879 546 889 570; x_wconf 89' lang='lat'>:</span> <span class='ocrx_word' id='word_1_69' title='bbox 920 531 1248 584; x_wconf 83' lang='lat' dir='ltr'>quemadmodum</span> <span class='ocrx_word' id='word_1_70' title='bbox 1259 543 1348 569; x_wconf 89' lang='lat' dir='ltr'>con-</span> 
     </span>
     <span class='ocr_line' id='line_1_9' title="bbox 227 584 1347 636; baseline 0.002 -15"><span class='ocrx_word' id='word_1_71' title='bbox 227 584 335 633; x_wconf 88' lang='lat' dir='ltr'>jicio,</span> <span class='ocrx_word' id='word_1_72' title='bbox 362 585 497 636; x_wconf 85' lang='lat' dir='ltr'>quasi.</span> <span class='ocrx_word' id='word_1_73' title='bbox 573 586 650 624; x_wconf 83' lang='lat' dir='ltr'>Sed</span> <span class='ocrx_word' id='word_1_74' title='bbox 674 586 756 623; x_wconf 84' lang='lat' dir='ltr'>haec</span> <span class='ocrx_word' id='word_1_75' title='bbox 781 593 823 623; x_wconf 89' lang='lat' dir='ltr'>tu</span> <span class='ocrx_word' id='word_1_76' title='bbox 843 585 993 624; x_wconf 80' lang='lat' dir='ltr'>videris.</span> <span class='ocrx_word' id='word_1_77' title='bbox 1028 585 1094 623; x_wconf 90' lang='lat' dir='ltr'>De</span> <span class='ocrx_word' id='word_1_78' title='bbox 1113 586 1347 631; x_wconf 86' lang='lat' dir='ltr'>suburbano,</span> 
     </span>
     <span class='ocr_line' id='line_1_10' title="bbox 230 639 1347 692; baseline 0.001 -16"><span class='ocrx_word' id='word_1_79' title='bbox 230 651 322 676; x_wconf 87' lang='lat' dir='ltr'>cura</span> <span class='ocrx_word' id='word_1_80' title='bbox 338 647 384 677; x_wconf 91' lang='lat' dir='ltr'>ut</span> <span class='ocrx_word' id='word_1_81' title='bbox 401 639 518 677; x_wconf 87' lang='lat' dir='ltr'>sciam</span> <span class='ocrx_word' id='word_1_82' title='bbox 537 639 632 691; x_wconf 90' lang='lat' dir='ltr'>quid</span> <span class='ocrx_word' id='word_1_83' title='bbox 650 639 766 678; x_wconf 80' lang='lat' dir='ltr'>velis:</span> <span class='ocrx_word' id='word_1_84' title='bbox 799 648 836 678; x_wconf 88' lang='lat' dir='ltr'>et</span> <span class='ocrx_word' id='word_1_85' title='bbox 853 640 984 687; x_wconf 85' lang='lat' dir='ltr'>simul,</span> <span class='ocrx_word' id='word_1_86' title='bbox 1004 652 1053 678; x_wconf 89' lang='lat' dir='ltr'>ne</span> <span class='ocrx_word' id='word_1_87' title='bbox 1070 639 1165 692; x_wconf 89' lang='lat' dir='ltr'>quid</span> <span class='ocrx_word' id='word_1_88' title='bbox 1182 639 1248 677; x_wconf 89' lang='lat' dir='ltr'>ille</span> <span class='ocrx_word' id='word_1_89' title='bbox 1265 646 1347 677; x_wconf 88' lang='lat' dir='ltr'>tur-</span> 
     </span>
     <span class='ocr_line' id='line_1_11' title="bbox 227 693 424 739; baseline 0.005 -9"><span class='ocrx_word' id='word_1_90' title='bbox 227 693 306 739; x_wconf 90' lang='lat' dir='ltr'>bet,</span> <span class='ocrx_word' id='word_1_91' title='bbox 327 693 424 731; x_wconf 81' lang='lat' dir='ltr'>vide.</span> 
     </span>
    </p>

    <p class='ocr_par' dir='ltr' id='par_1_3' title="bbox 224 746 1348 1285">
     <span class='ocr_line' id='line_1_12' title="bbox 284 746 1346 798; baseline 0.003 -14"><span class='ocrx_word' id='word_1_92' title='bbox 284 746 394 794; x_wconf 82' lang='lat' dir='ltr'>Quid</span> <span class='ocrx_word' id='word_1_93' title='bbox 410 748 619 798; x_wconf 85' lang='lat' dir='ltr'>praeterea&#39;?</span> <span class='ocrx_word' id='word_1_94' title='bbox 649 748 784 796; x_wconf 81' lang='lat' dir='ltr'>Quid?</span> <span class='ocrx_word' id='word_1_95' title='bbox 815 748 942 786; x_wconf 84' lang='lat' dir='ltr'>etiam.</span> <span class='ocrx_word' id='word_1_96' title='bbox 973 747 1161 786; x_wconf 86' lang='lat' dir='ltr'>Gabinius</span> <span class='ocrx_word' id='word_1_97' title='bbox 1181 761 1215 786; x_wconf 92' lang='grc'>3.</span> <span class='ocrx_word' id='word_1_98' title='bbox 1229 747 1268 786; x_wconf 83' lang='lat' dir='ltr'>d.</span> <span class='ocrx_word' id='word_1_99' title='bbox 1282 747 1346 787; x_wconf 91' lang='lat' dir='ltr'>IV</span> 
     </span>
     <span class='ocr_line' id='line_1_13' title="bbox 227 799 1345 850; baseline 0.002 -12"><span class='ocrx_word' id='word_1_100' title='bbox 227 799 311 838; x_wconf 88' lang='lat' dir='ltr'>Cal.</span> <span class='ocrx_word' id='word_1_101' title='bbox 344 800 502 839; x_wconf 86' lang='lat' dir='ltr'>Octobr.</span> <span class='ocrx_word' id='word_1_102' title='bbox 535 811 650 840; x_wconf 89' lang='lat' dir='ltr'>noctu</span> <span class='ocrx_word' id='word_1_103' title='bbox 679 803 720 839; x_wconf 89' lang='lat' dir='ltr'>in</span> <span class='ocrx_word' id='word_1_104' title='bbox 748 802 898 840; x_wconf 85' lang='lat' dir='ltr'><strong>Urbem</strong></span> <span class='ocrx_word' id='word_1_105' title='bbox 926 802 1119 840; x_wconf 84' lang='lat' dir='ltr'>introivit:</span> <span class='ocrx_word' id='word_1_106' title='bbox 1151 808 1188 839; x_wconf 88' lang='lat' dir='ltr'>et</span> <span class='ocrx_word' id='word_1_107' title='bbox 1218 801 1345 850; x_wconf 82' lang='lat' dir='ltr'>hodie,</span> 
     </span>
     <span class='ocr_line' id='line_1_14' title="bbox 228 853 1348 904; baseline 0.001 -12"><span class='ocrx_word' id='word_1_108' title='bbox 228 853 323 893; x_wconf 85' lang='grc'>11013</span> <span class='ocrx_word' id='word_1_109' title='bbox 342 855 381 893; x_wconf 81' lang='lat' dir='ltr'>V</span> <span class='ocrx_word' id='word_1_110' title='bbox 384 856 468 898; x_wconf 63' lang='lat'>111„</span> <span class='ocrx_word' id='word_1_111' title='bbox 500 869 605 903; x_wconf 85' lang='lat' dir='ltr'>cum,</span> <span class='ocrx_word' id='word_1_112' title='bbox 626 856 749 894; x_wconf 87' lang='lat' dir='ltr'>edicto</span> <span class='ocrx_word' id='word_1_113' title='bbox 775 857 820 894; x_wconf 85' lang='lat' dir='ltr'>C.</span> <span class='ocrx_word' id='word_1_114' title='bbox 840 855 950 903; x_wconf 83' lang='lat' dir='ltr'>Alfii,</span> <span class='ocrx_word' id='word_1_115' title='bbox 970 857 1018 894; x_wconf 88' lang='lat' dir='ltr'>de</span> <span class='ocrx_word' id='word_1_116' title='bbox 1042 857 1239 904; x_wconf 81' lang='lat' dir='ltr'>majestate</span> <span class='ocrx_word' id='word_1_117' title='bbox 1257 868 1348 894; x_wconf 87' lang='lat' dir='ltr'>eum</span> 
     </span>
     <span class='ocr_line' id='line_1_15' title="bbox 227 909 1348 961; baseline 0.002 -15"><span class='ocrx_word' id='word_1_118' title='bbox 227 909 357 947; x_wconf 85' lang='lat' dir='ltr'>adesse</span> <span class='ocrx_word' id='word_1_119' title='bbox 381 918 582 960; x_wconf 70' lang='lat' dir='ltr'>oporteret,</span> <span class='ocrx_word' id='word_1_120' title='bbox 610 922 793 948; x_wconf 85' lang='lat' dir='ltr'>concursu</span> <span class='ocrx_word' id='word_1_121' title='bbox 822 922 979 961; x_wconf 76' lang='lat' dir='ltr'>magno,</span> <span class='ocrx_word' id='word_1_122' title='bbox 1003 917 1039 948; x_wconf 91' lang='lat' dir='ltr'>et</span> <span class='ocrx_word' id='word_1_123' title='bbox 1068 909 1156 948; x_wconf 89' lang='lat' dir='ltr'>odio</span> <span class='ocrx_word' id='word_1_124' title='bbox 1180 909 1348 948; x_wconf 87' lang='lat' dir='ltr'>universi</span> 
     </span>
     <span class='ocr_line' id='line_1_16' title="bbox 226 963 1347 1015; baseline 0.001 -15"><span class='ocrx_word' id='word_1_125' title='bbox 226 963 375 1014; x_wconf 87' lang='lat' dir='ltr'>populi,</span> <span class='ocrx_word' id='word_1_126' title='bbox 396 976 506 1014; x_wconf 88' lang='lat' dir='ltr'>paene</span> <span class='ocrx_word' id='word_1_127' title='bbox 524 963 687 1002; x_wconf 83' lang='lat' dir='ltr'>afflictus</span> <span class='ocrx_word' id='word_1_128' title='bbox 707 972 773 1002; x_wconf 86' lang='lat' dir='ltr'>est.</span> <span class='ocrx_word' id='word_1_129' title='bbox 804 964 917 1002; x_wconf 76' lang='lat' dir='ltr'>Nihil</span> <span class='ocrx_word' id='word_1_130' title='bbox 935 964 1001 1002; x_wconf 89' lang='lat' dir='ltr'>illo</span> <span class='ocrx_word' id='word_1_131' title='bbox 1020 964 1182 1015; x_wconf 78' lang='lat' dir='ltr'>turpius.</span> <span class='ocrx_word' id='word_1_132' title='bbox 1209 963 1347 1002; x_wconf 81' lang='lat' dir='ltr'>Proxi-</span> 
     </span>
     <span class='ocr_line' id='line_1_17' title="bbox 225 1017 1347 1070; baseline -0.003 -16"><span class='ocrx_word' id='word_1_133' title='bbox 225 1029 315 1055; x_wconf 90' lang='lat' dir='ltr'>mus</span> <span class='ocrx_word' id='word_1_134' title='bbox 341 1025 469 1055; x_wconf 82' lang='lat' dir='ltr'>tamen</span> <span class='ocrx_word' id='word_1_135' title='bbox 496 1025 551 1056; x_wconf 89' lang='lat' dir='ltr'>est</span> <span class='ocrx_word' id='word_1_136' title='bbox 577 1018 678 1056; x_wconf 89' lang='lat' dir='ltr'>Piso.</span> <span class='ocrx_word' id='word_1_137' title='bbox 710 1019 848 1070; x_wconf 81' lang='lat' dir='ltr'>Itaque</span> <span class='ocrx_word' id='word_1_138' title='bbox 865 1018 1071 1056; x_wconf 88' lang='lat' dir='ltr'>mirificum</span> <span class='ocrx_word' id='word_1_139' title='bbox 1099 1017 1262 1065; x_wconf 57' lang='lat' dir='ltr'>augemur</span> <span class='ocrx_word' id='word_1_140' title='bbox 1285 1030 1347 1056; x_wconf 87' lang='lat' dir='ltr'>co.</span> 
     </span>
     <span class='ocr_line' id='line_1_18' title="bbox 225 1049 1346 1121; baseline 0 -12"><span class='ocrx_word' id='word_1_141' title='bbox 225 1071 306 1121; x_wconf 82' lang='lat' dir='ltr'>gito</span> <span class='ocrx_word' id='word_1_142' title='bbox 333 1072 375 1109; x_wconf 89' lang='lat' dir='ltr'>in</span> <span class='ocrx_word' id='word_1_143' title='bbox 399 1072 609 1109; x_wconf 89' lang='lat' dir='ltr'>secundum</span> <span class='ocrx_word' id='word_1_144' title='bbox 632 1072 821 1110; x_wconf 88' lang='lat' dir='ltr'>librorum</span> <span class='ocrx_word' id='word_1_145' title='bbox 843 1085 1018 1110; x_wconf 87' lang='lat' dir='ltr'>meorum</span> <span class='ocrx_word' id='word_1_146' title='bbox 1047 1049 1256 1119; x_wconf 78' lang='lat' dir='ltr'>includere,</span> <span class='ocrx_word' id='word_1_147' title='bbox 1286 1071 1346 1109; x_wconf 89' lang='lat' dir='ltr'>di-</span> 
     </span>
     <span class='ocr_line' id='line_1_19' title="bbox 225 1125 1347 1177; baseline 0.001 -14"><span class='ocrx_word' id='word_1_148' title='bbox 225 1133 373 1163; x_wconf 79' lang='lat' dir='ltr'>centem</span> <span class='ocrx_word' id='word_1_149' title='bbox 390 1126 634 1177; x_wconf 72' lang='lat' dir='ltr'>Apollinem</span> <span class='ocrx_word' id='word_1_150' title='bbox 624 1139 665 1164; x_wconf 88' lang='grc'>111</span> <span class='ocrx_word' id='word_1_151' title='bbox 685 1126 842 1165; x_wconf 81' lang='lat' dir='ltr'>concilio</span> <span class='ocrx_word' id='word_1_152' title='bbox 854 1125 1044 1174; x_wconf 79' lang='lat' dir='ltr'>Deorum,</span> <span class='ocrx_word' id='word_1_153' title='bbox 1065 1125 1189 1177; x_wconf 82' lang='lat' dir='ltr'>qualis</span> <span class='ocrx_word' id='word_1_154' title='bbox 1203 1125 1347 1164; x_wconf 90' lang='lat' dir='ltr'>reditus</span> 
     </span>
     <span class='ocr_line' id='line_1_20' title="bbox 227 1179 1347 1231; baseline 0.004 -15"><span class='ocrx_word' id='word_1_155' title='bbox 227 1179 392 1218; x_wconf 87' lang='lat' dir='ltr'>duorum</span> <span class='ocrx_word' id='word_1_156' title='bbox 418 1180 694 1231; x_wconf 82' lang='lat' dir='ltr'>imperatorum</span> <span class='ocrx_word' id='word_1_157' title='bbox 722 1181 877 1218; x_wconf 87' lang='lat' dir='ltr'>futurus</span> <span class='ocrx_word' id='word_1_158' title='bbox 908 1188 1030 1225; x_wconf 83' lang='grc'>05501;</span> <span class='ocrx_word' id='word_1_159' title='bbox 1058 1192 1224 1231; x_wconf 90' lang='lat' dir='ltr'>quorum</span> <span class='ocrx_word' id='word_1_160' title='bbox 1252 1180 1347 1221; x_wconf 62' lang='lat' dir='ltr'>altem:</span> 
     </span>
     <span class='ocr_line' id='line_1_21' title="bbox 224 1234 1064 1285; baseline 0.001 -14"><span class='ocrx_word' id='word_1_161' title='bbox 224 1234 433 1272; x_wconf 86' lang='lat' dir='ltr'>exercitum</span> <span class='ocrx_word' id='word_1_162' title='bbox 452 1234 689 1285; x_wconf 80' lang='lat' dir='ltr'>perdidisset,</span> <span class='ocrx_word' id='word_1_163' title='bbox 710 1235 804 1272; x_wconf 84' lang='lat' dir='ltr'>alter</span> <span class='ocrx_word' id='word_1_164' title='bbox 822 1234 1064 1273; x_wconf 77' lang='lat' dir='ltr'>vendidisset.</span> 
     </span>
    </p>

    <p class='ocr_par' dir='ltr' id='par_1_4' title="bbox 219 1287 1345 1704">
     <span class='ocr_line' id='line_1_22' title="bbox 279 1287 1345 1340; baseline 0.001 -15"><span class='ocrx_word' id='word_1_165' title='bbox 279 1287 346 1325; x_wconf 82' lang='lat' dir='ltr'>Ex</span> <span class='ocrx_word' id='word_1_166' title='bbox 363 1288 569 1326; x_wconf 81' lang='lat' dir='ltr'>Britannia</span> <span class='ocrx_word' id='word_1_167' title='bbox 595 1287 723 1327; x_wconf 80' lang='lat' dir='ltr'>Caesar</span> <span class='ocrx_word' id='word_1_168' title='bbox 742 1289 791 1326; x_wconf 86' lang='lat' dir='ltr'>ad</span> <span class='ocrx_word' id='word_1_169' title='bbox 818 1301 881 1326; x_wconf 89' lang='lat' dir='ltr'>me</span> <span class='ocrx_word' id='word_1_170' title='bbox 908 1289 991 1326; x_wconf 83' lang='lat' dir='ltr'>Cal.</span> <span class='ocrx_word' id='word_1_171' title='bbox 1013 1291 1116 1340; x_wconf 71' lang='lat' dir='ltr'>Sept.</span> <span class='ocrx_word' id='word_1_172' title='bbox 1136 1287 1241 1325; x_wconf 86' lang='lat' dir='ltr'>dedit</span> <span class='ocrx_word' id='word_1_173' title='bbox 1259 1287 1345 1326; x_wconf 77' lang='lat' dir='ltr'>lite-</span> 
     </span>
     <span class='ocr_line' id='line_1_23' title="bbox 224 1342 1345 1394; baseline 0.001 -15"><span class='ocrx_word' id='word_1_174' title='bbox 224 1355 309 1380; x_wconf 89' lang='lat' dir='ltr'>ras:</span> <span class='ocrx_word' id='word_1_175' title='bbox 341 1356 436 1393; x_wconf 88' lang='lat' dir='ltr'>quas</span> <span class='ocrx_word' id='word_1_176' title='bbox 466 1355 535 1393; x_wconf 90' lang='lat' dir='ltr'>ego</span> <span class='ocrx_word' id='word_1_177' title='bbox 554 1343 681 1394; x_wconf 84' lang='lat' dir='ltr'>accepi</span> <span class='ocrx_word' id='word_1_178' title='bbox 700 1356 733 1380; x_wconf 89' lang='lat' dir='ltr'>a.</span> <span class='ocrx_word' id='word_1_179' title='bbox 755 1343 792 1380; x_wconf 89' lang='lat' dir='ltr'>d.</span> <span class='ocrx_word' id='word_1_180' title='bbox 814 1342 877 1380; x_wconf 87' lang='lat' dir='ltr'>IV</span> <span class='ocrx_word' id='word_1_181' title='bbox 897 1342 1055 1380; x_wconf 87' lang='lat' dir='ltr'>Calend.</span> <span class='ocrx_word' id='word_1_182' title='bbox 1078 1342 1235 1381; x_wconf 86' lang='lat' dir='ltr'>Octobr.</span> <span class='ocrx_word' id='word_1_183' title='bbox 1256 1342 1345 1380; x_wconf 75' lang='lat' dir='ltr'>satis</span> 
     </span>
     <span class='ocr_line' id='line_1_24' title="bbox 224 1396 1344 1448; baseline 0 -15"><span class='ocrx_word' id='word_1_184' title='bbox 224 1396 443 1434; x_wconf 85' lang='lat' dir='ltr'>commodas</span> <span class='ocrx_word' id='word_1_185' title='bbox 462 1396 509 1434; x_wconf 88' lang='lat' dir='ltr'>de</span> <span class='ocrx_word' id='word_1_186' title='bbox 536 1397 770 1435; x_wconf 84' lang='lat' dir='ltr'>Britannicis</span> <span class='ocrx_word' id='word_1_187' title='bbox 793 1399 934 1435; x_wconf 84' lang='lat' dir='ltr'>rebus:</span> <span class='ocrx_word' id='word_1_188' title='bbox 965 1396 1120 1448; x_wconf 89' lang='lat' dir='ltr'>quibus,</span> <span class='ocrx_word' id='word_1_189' title='bbox 1146 1407 1196 1433; x_wconf 90' lang='lat' dir='ltr'>ne</span> <span class='ocrx_word' id='word_1_190' title='bbox 1219 1396 1344 1433; x_wconf 87' lang='lat' dir='ltr'>admi-</span> 
     </span>
     <span class='ocr_line' id='line_1_25' title="bbox 223 1450 1342 1502; baseline 0.001 -15"><span class='ocrx_word' id='word_1_191' title='bbox 223 1463 284 1487; x_wconf 88' lang='lat' dir='ltr'>rer</span> <span class='ocrx_word' id='word_1_192' title='bbox 313 1451 417 1500; x_wconf 91' lang='lat' dir='ltr'>quod</span> <span class='ocrx_word' id='word_1_193' title='bbox 445 1464 467 1488; x_wconf 95' lang='grc'>3</span> <span class='ocrx_word' id='word_1_194' title='bbox 498 1458 534 1489; x_wconf 86' lang='lat' dir='ltr'>te</span> <span class='ocrx_word' id='word_1_195' title='bbox 563 1451 690 1488; x_wconf 85' lang='lat' dir='ltr'>nullas</span> <span class='ocrx_word' id='word_1_196' title='bbox 719 1451 943 1502; x_wconf 86' lang='lat' dir='ltr'>acceperim,</span> <span class='ocrx_word' id='word_1_197' title='bbox 970 1450 1112 1497; x_wconf 88' lang='lat' dir='ltr'>scribit,</span> <span class='ocrx_word' id='word_1_198' title='bbox 1139 1462 1178 1487; x_wconf 87' lang='lat' dir='ltr'>se</span> <span class='ocrx_word' id='word_1_199' title='bbox 1199 1450 1280 1488; x_wconf 89' lang='lat' dir='ltr'>sine</span> <span class='ocrx_word' id='word_1_200' title='bbox 1304 1457 1342 1488; x_wconf 83' lang='lat' dir='ltr'>te</span> 
     </span>
     <span class='ocr_line' id='line_1_26' title="bbox 220 1504 1341 1554; baseline 0 -13"><span class='ocrx_word' id='word_1_201' title='bbox 220 1504 351 1551; x_wconf 88' lang='lat' dir='ltr'>fuisse,</span> <span class='ocrx_word' id='word_1_202' title='bbox 373 1518 463 1542; x_wconf 86' lang='lat' dir='ltr'>cum</span> <span class='ocrx_word' id='word_1_203' title='bbox 482 1505 531 1542; x_wconf 89' lang='lat' dir='ltr'>ad</span> <span class='ocrx_word' id='word_1_204' title='bbox 555 1517 660 1542; x_wconf 89' lang='lat' dir='ltr'>mare</span> <span class='ocrx_word' id='word_1_205' title='bbox 676 1505 879 1543; x_wconf 83' lang='lat' dir='ltr'>accesserit.</span> <span class='ocrx_word' id='word_1_206' title='bbox 912 1504 974 1542; x_wconf 81' lang='lat' dir='ltr'>Ad</span> <span class='ocrx_word' id='word_1_207' title='bbox 993 1517 1054 1542; x_wconf 86' lang='lat' dir='ltr'>eas</span> <span class='ocrx_word' id='word_1_208' title='bbox 1073 1517 1143 1554; x_wconf 87' lang='lat' dir='ltr'>ego</span> <span class='ocrx_word' id='word_1_209' title='bbox 1162 1504 1196 1541; x_wconf 89' lang='grc'>01</span> <span class='ocrx_word' id='word_1_210' title='bbox 1213 1504 1341 1542; x_wconf 89' lang='lat' dir='ltr'>literas</span> 
     </span>
     <span class='ocr_line' id='line_1_27' title="bbox 220 1558 1341 1610; baseline 0 -15"><span class='ocrx_word' id='word_1_211' title='bbox 220 1558 319 1595; x_wconf 86' lang='lat' dir='ltr'>nihil</span> <span class='ocrx_word' id='word_1_212' title='bbox 336 1558 522 1610; x_wconf 84' lang='lat' dir='ltr'>rescripsi,</span> <span class='ocrx_word' id='word_1_213' title='bbox 542 1571 590 1596; x_wconf 88' lang='grc'>110</span> <span class='ocrx_word' id='word_1_214' title='bbox 612 1559 830 1609; x_wconf 82' lang='lat' dir='ltr'>gratulandi</span> <span class='ocrx_word' id='word_1_215' title='bbox 854 1558 1011 1610; x_wconf 88' lang='lat' dir='ltr'>quidem</span> <span class='ocrx_word' id='word_1_216' title='bbox 1038 1558 1165 1606; x_wconf 57' lang='grc' dir='ltr'>03115ὲῆ</span> <span class='ocrx_word' id='word_1_217' title='bbox 1186 1565 1341 1609; x_wconf 87' lang='lat' dir='ltr'>propter</span> 
     </span>
     <span class='ocr_line' id='line_1_28' title="bbox 223 1611 1337 1664; baseline -0.002 -13"><span class='ocrx_word' id='word_1_218' title='bbox 223 1613 304 1660; x_wconf 88' lang='lat' dir='ltr'>ejus</span> <span class='ocrx_word' id='word_1_219' title='bbox 323 1613 484 1651; x_wconf 73' lang='lat' dir='ltr'>luctum</span> <span class='ocrx_word' id='word_1_220' title='bbox 514 1612 575 1651; x_wconf 89' lang='lat' dir='ltr'>Te</span> <span class='ocrx_word' id='word_1_221' title='bbox 600 1625 665 1651; x_wconf 92' lang='lat' dir='ltr'>oro</span> <span class='ocrx_word' id='word_1_222' title='bbox 692 1613 806 1651; x_wconf 80' lang='lat' dir='ltr'>etiam</span> <span class='ocrx_word' id='word_1_223' title='bbox 831 1621 948 1664; x_wconf 86' lang='lat' dir='ltr'>atque</span> <span class='ocrx_word' id='word_1_224' title='bbox 966 1612 1096 1660; x_wconf 82' lang='lat' dir='ltr'>etiam,</span> <span class='ocrx_word' id='word_1_225' title='bbox 1122 1612 1179 1650; x_wconf 89' lang='lat' dir='ltr'>mi</span> <span class='ocrx_word' id='word_1_226' title='bbox 1206 1611 1337 1658; x_wconf 86' lang='lat' dir='ltr'>frater,</span> 
     </span>
     <span class='ocr_line' id='line_1_29' title="bbox 219 1666 416 1704; baseline 0.005 -1"><span class='ocrx_word' id='word_1_227' title='bbox 219 1673 264 1703; x_wconf 90' lang='lat' dir='ltr'>ut</span> <span class='ocrx_word' id='word_1_228' title='bbox 282 1666 416 1704; x_wconf 82' lang='lat' dir='ltr'>valeas.</span> 
     </span>
    </p>
   </div>
   <div class='ocr_carea' id='block_1_3' title="bbox 400 1830 1158 1884">
    <p class='ocr_par' dir='ltr' id='par_1_5' title="bbox 400 1830 1158 1884">
     <span class='ocr_line' id='line_1_30' title="bbox 400 1830 1158 1884; baseline -0.004 -14"><span class='ocrx_word' id='word_1_229' title='bbox 400 1830 488 1884; x_wconf 78' lang='lat'><strong>(2.)</strong></span> <span class='ocrx_word' id='word_1_230' title='bbox 519 1831 757 1872; x_wconf 79' lang='lat' dir='ltr'><strong>MARCUS</strong></span> <span class='ocrx_word' id='word_1_231' title='bbox 785 1831 838 1881; x_wconf 86' lang='lat' dir='ltr'>Q.</span> <span class='ocrx_word' id='word_1_232' title='bbox 867 1831 1087 1871; x_wconf 90' lang='lat' dir='ltr'>FRATRI</span> <span class='ocrx_word' id='word_1_233' title='bbox 1117 1831 1158 1870; x_wconf 17' lang='lat' dir='ltr'>SV.</span> 
     </span>
    </p>
   </div>
   <div class='ocr_carea' id='block_1_4' title="bbox 216 1938 1340 2209">
    <p class='ocr_par' dir='ltr' id='par_1_6' title="bbox 216 1938 1340 2209">
     <span class='ocr_line' id='line_1_31' title="bbox 279 1938 1337 1993; baseline -0.004 -13"><span class='ocrx_word' id='word_1_234' title='bbox 279 1942 604 1993; x_wconf 78' lang='lat' dir='ltr'>(Argumentum.</span> <span class='ocrx_word' id='word_1_235' title='bbox 614 1963 667 1968; x_wconf 89' lang='lat'><em>—</em></span> <span class='ocrx_word' id='word_1_236' title='bbox 678 1939 906 1990; x_wconf 88' lang='lat' dir='ltr'>Gabinium,</span> <span class='ocrx_word' id='word_1_237' title='bbox 915 1952 1109 1978; x_wconf 69' lang='lat' dir='ltr'>reversum</span> <span class='ocrx_word' id='word_1_238' title='bbox 1124 1939 1165 1977; x_wconf 93' lang='lat' dir='ltr'>in</span> <span class='ocrx_word' id='word_1_239' title='bbox 1174 1938 1214 1977; x_wconf 89' lang='lat' dir='ltr'><strong>U</strong></span> <span class='ocrx_word' id='word_1_240' title='bbox 1215 1939 1337 1987; x_wconf 87' lang='lat' dir='ltr'>rbem,</span> 
     </span>
     <span class='ocr_line' id='line_1_32' title="bbox 220 1992 1340 2042; baseline 0 -9"><span class='ocrx_word' id='word_1_241' title='bbox 220 1996 260 2033; x_wconf 90' lang='lat' dir='ltr'>in</span> <span class='ocrx_word' id='word_1_242' title='bbox 291 2004 425 2034; x_wconf 84' lang='lat' dir='ltr'>senatu</span> <span class='ocrx_word' id='word_1_243' title='bbox 461 1996 561 2033; x_wconf 87' lang='lat' dir='ltr'>male</span> <span class='ocrx_word' id='word_1_244' title='bbox 597 2003 794 2042; x_wconf 75' lang='lat' dir='ltr'>vexatum,</span> <span class='ocrx_word' id='word_1_245' title='bbox 826 2002 863 2033; x_wconf 88' lang='lat' dir='ltr'>et</span> <span class='ocrx_word' id='word_1_246' title='bbox 900 2008 923 2032; x_wconf 89' lang='lat' dir='ltr'>a</span> <span class='ocrx_word' id='word_1_247' title='bbox 958 1992 1151 2032; x_wconf 87' lang='lat' dir='ltr'>Memmio</span> <span class='ocrx_word' id='word_1_248' title='bbox 1185 1993 1340 2033; x_wconf 87' lang='lat' dir='ltr'>tribuno</span> 
     </span>
     <span class='ocr_line' id='line_1_33' title="bbox 220 2046 1340 2101; baseline 0 -14"><span class='ocrx_word' id='word_1_249' title='bbox 220 2050 275 2101; x_wconf 91' lang='lat' dir='ltr'>pl.</span> <span class='ocrx_word' id='word_1_250' title='bbox 308 2049 358 2088; x_wconf 89' lang='lat' dir='ltr'>ad</span> <span class='ocrx_word' id='word_1_251' title='bbox 387 2049 577 2101; x_wconf 87' lang='lat' dir='ltr'>populum</span> <span class='ocrx_word' id='word_1_252' title='bbox 596 2049 697 2087; x_wconf 84' lang='lat' dir='ltr'>male</span> <span class='ocrx_word' id='word_1_253' title='bbox 725 2056 928 2087; x_wconf 84' lang='lat' dir='ltr'>tractatum</span> <span class='ocrx_word' id='word_1_254' title='bbox 954 2061 1046 2094; x_wconf 78' lang='lat' dir='ltr'>esse,</span> <span class='ocrx_word' id='word_1_255' title='bbox 1066 2060 1109 2085; x_wconf 90' lang='grc'>30</span> <span class='ocrx_word' id='word_1_256' title='bbox 1127 2046 1174 2085; x_wconf 87' lang='grc'>(10</span> <span class='ocrx_word' id='word_1_257' title='bbox 1194 2046 1340 2096; x_wconf 83' lang='lat' dir='ltr'>judicio</span> 
     </span>
     <span class='ocr_line' id='line_1_34' title="bbox 219 2099 1340 2155; baseline -0.002 -13"><span class='ocrx_word' id='word_1_258' title='bbox 219 2105 302 2153; x_wconf 85' lang='lat' dir='ltr'>ejus</span> <span class='ocrx_word' id='word_1_259' title='bbox 327 2103 503 2155; x_wconf 87' lang='lat' dir='ltr'>proxime</span> <span class='ocrx_word' id='word_1_260' title='bbox 521 2103 665 2150; x_wconf 83' lang='lat' dir='ltr'>futuro,</span> <span class='ocrx_word' id='word_1_261' title='bbox 692 2110 976 2141; x_wconf 85' lang='lat' dir='ltr'>commemorat.</span> <span class='ocrx_word' id='word_1_262' title='bbox 1005 2101 1172 2149; x_wconf 90' lang='lat' dir='ltr'>Deinde,</span> <span class='ocrx_word' id='word_1_263' title='bbox 1198 2100 1267 2152; x_wconf 89' lang='lat' dir='ltr'>qui</span> <span class='ocrx_word' id='word_1_264' title='bbox 1291 2099 1340 2140; x_wconf 85' lang='lat' dir='ltr'>de</span> 
     </span>
     <span class='ocr_line' id='line_1_35' title="bbox 216 2154 1340 2209; baseline -0.005 -13"><span class='ocrx_word' id='word_1_265' title='bbox 216 2157 365 2197; x_wconf 88' lang='lat' dir='ltr'>ambitu</span> <span class='ocrx_word' id='word_1_266' title='bbox 394 2157 449 2195; x_wconf 91' lang='lat' dir='ltr'>rei</span> <span class='ocrx_word' id='word_1_267' title='bbox 479 2157 569 2206; x_wconf 86' lang='lat' dir='ltr'>sint,</span> <span class='ocrx_word' id='word_1_268' title='bbox 595 2170 682 2209; x_wconf 86' lang='lat' dir='ltr'>quae</span> <span class='ocrx_word' id='word_1_269' title='bbox 712 2156 954 2195; x_wconf 89' lang='lat' dir='ltr'>comitiorum</span> <span class='ocrx_word' id='word_1_270' title='bbox 983 2169 1067 2207; x_wconf 69' lang='lat' dir='ltr'>spae</span> <span class='ocrx_word' id='word_1_271' title='bbox 1092 2155 1155 2201; x_wconf 81' lang='lat' dir='ltr'>sit,</span> <span class='ocrx_word' id='word_1_272' title='bbox 1180 2154 1340 2195; x_wconf 79' lang='lat' dir='ltr'>demon-</span> 
     </span>
    </p>
   </div>
   <div class='ocr_carea' id='block_1_5' title="bbox 210 2212 334 2261">
    <p class='ocr_par' dir='ltr' id='par_1_7' title="bbox 210 2212 334 2261">
     <span class='ocr_line' id='line_1_36' title="bbox 210 2212 334 2261; baseline 0.008 -11"><span class='ocrx_word' id='word_1_273' title='bbox 210 2212 334 2261; x_wconf 78' lang='lat' dir='ltr'>strat.)</span> 
     </span>
    </p>
   </div>
  </div>
 </body>
</html>
