1498 2401
307 98 391 140 AD
420 101 474 151 Q.
506 97 811 142 FRATREM.
840 103 939 142 Lm.
968 101 1050 142 111.
1071 103 1108 148 7.
1193 102 1275 147 337

316 210 413 262 (6.)
450 210 688 251 MARCUS
717 211 770 260 Q.
801 211 1027 252 FRATRI
1056 212 1096 251 S.

191 318 522 369 (Argumentum.
543 346 598 354 -
618 320 847 372 Tragoedias
874 334 897 359 a
929 320 1082 369 Quinto
1115 321 1272 373 scriptas

134 371 207 411 sibi
226 373 330 411 mitti
347 372 464 423 vult.)

188 480 370 529 Quatuor
400 481 605 533 tragoedias
634 482 745 522 XVI
778 483 914 522 diebus
941 483 1146 522 absolvisse
1178 497 1269 523 cum

136 535 291 596 scribas,
325 543 370 574 tu
399 535 615 588 quidquam
645 537 694 575 ab
726 537 803 575 alio
835 537 1061 577 mutuaris?
1093 547 1130 576 et
1164 548 1228 575 κλε
1233 554 1270 582 ος

135 589 290 641 quaeris,
311 602 402 628 cum
421 590 620 629 Electram
638 598 676 630 et
696 591 894 630 Troadem
915 592 1142 644 scripseris?
1173 593 1268 631 Ces-

137 650 238 682 sator
257 657 337 683 esse
355 643 459 682 noli:
491 653 530 684 et
543 645 658 694 illud,
686 654 728 683 Γ
734 648 801 682 min
833 661 981 683 σεαυτον
969 667 997 693 ,
1024 646 1106 684 noli
1130 655 1269 698 putare

136 697 187 736 ad
204 698 465 750 arrogantiam
491 699 746 738 minuendam
774 700 901 738 solum
921 713 1000 739 esse
1019 700 1182 748 dictum,
1203 714 1269 739 ve-

133 764 223 790 rum
242 754 359 791 etiam
377 760 422 790 ut
440 754 545 792 bona
572 762 701 793 nostra
722 754 909 792 norimus.
939 754 1016 794 Sed
1042 763 1079 793 et
1104 755 1209 801 istas,
1231 764 1268 793 et

133 806 363 857 Erigonam,
383 807 498 858 mihi,
519 809 652 858 velim,
678 808 823 848 mittas.
853 808 988 848 Habes
1002 808 1053 847 ad
1070 808 1167 848 duas
1186 809 1267 862 epi-

133 861 247 900 stolas
264 861 475 914 proximas.

318 1025 408 1078 (7.)
440 1025 678 1067 MARCUS
707 1026 760 1076 Q.
790 1027 1014 1066 FRATRI
1041 1028 1082 1067 S.

189 1136 514 1186 (Argumentum.
549 1162 604 1169 --
633 1136 857 1175 Proluviem
906 1136 1104 1189 ingentem
1141 1136 1261 1176 fuisse

129 1189 277 1240 scribit,
298 1197 336 1229 et
354 1191 532 1243 epistolas
549 1190 775 1243 promittit.)

185 1299 339 1349 Romae,
361 1308 398 1338 et
415 1299 588 1338 maxime
607 1300 742 1352 Appia
760 1300 810 1338 ad
830 1300 988 1348 Martis,
1008 1300 1108 1338 mira
1125 1301 1258 1351 prolu-

128 1353 219 1392 vies.
251 1353 490 1405 Crassipedis
519 1355 732 1393 ambulatio
764 1355 907 1403 ablata,
938 1355 1054 1400 horti,
1089 1357 1257 1393 tabernae

126 1408 332 1458 plurimae:
362 1421 505 1460 magna
533 1408 590 1447 vis
615 1422 726 1461 aquae
751 1422 874 1461 usque
892 1409 942 1448 ad
963 1409 1152 1461 piscinam
1182 1423 1255 1461 pu-

124 1462 278 1501 blicam.
307 1462 427 1515 Viget
444 1463 545 1501 illud
564 1463 744 1512 Homeri,

233 1538 356 1588 Hya-1³
377 1553 551 1590 οπωρινῳ,
572 1541 632 1577 ὅτε
654 1539 887 1591 λαβροτατον
907 1555 984 1593 χεει
1004 1538 1094 1590 ὔδωρ

228 1598 330 1640 Ζευς,

119 1681 238 1726 (cadit
256 1680 360 1720 enim
377 1681 419 1719 in
443 1682 725 1722 absolutionem
745 1682 922 1731 Gabinii)

178 1787 279 1798 ......
297 1757 388 1795 ‘Ovs
405 1756 442 1798 δη
465 1757 493 1808 ῥ’
516 1757 688 1808 affigere-⁸
705 1772 976 1806 κοτεσσαμευος
995 1764 1207 1811 χαλεπῃνῃ,

179 1811 234 1851 Οἱ
252 1814 311 1861 ΙΞιῃ
331 1827 376 1848 ειν
397 1822 504 1864 αγορῃ
521 1817 676 1856 σκολιας
694 1826 840 1864 κρινωσι
859 1814 1061 1861 &effato-rm,

175 1874 226 1904 Εκ
245 1865 278 1903 δε
295 1866 391 1908 δικην
409 1872 590 1912 ελασωσι,
603 1867 694 1903 Ξτεων
711 1881 787 1904 οτι-ιν
803 1882 862 1904 ουκ
882 1873 1088 1913 αλεγωτες.

119 1929 197 1989 Sed
224 1948 308 1986 haec
332 1959 411 1986 non
440 1959 573 1986 curare
592 1946 752 1985 decrevi.
782 1948 955 1986 Romam
981 1959 1071 1985 cum
1094 1960 1248 1995 venero,

119 2017 208 2056 quae
225 2013 468 2054 perspexero,
489 2001 653 2040 scribam
672 2001 722 2039 ad
746 2008 798 2050 te,
820 2009 857 2039 et
875 2001 1047 2039 maxime
1066 2001 1113 2039 de
1132 2001 1252 2040 dicta-

119 2057 234 2096 tura:
266 2063 303 2096 et
321 2056 371 2095 ad
390 2055 494 2094 Labi
495 2068 614 2094 enum
633 2063 671 2094 et
694 2055 744 2094 ad
763 2055 974 2107 Ligurium
991 2055 1122 2093 literas
1136 2055 1250 2095 dabo.

118 2112 235 2150 Hanc
253 2110 385 2162 scripsi
403 2117 492 2149 ante
509 2111 651 2157 lucem,
667 2109 718 2148 ad
735 2110 1002 2162 lychnuchum
1019 2109 1249 2160 ligneolum,

118 2166 187 2217 qui
215 2165 314 2203 mihi
340 2172 420 2204 erat
447 2164 724 2216 perjucundus,
756 2165 862 2216 quod
892 2177 982 2202 eum
1013 2172 1051 2203 te
1079 2164 1246 2213 aiebant,

174 2218 345 2271 (Epist.)
368 2230 571 2259 v01..111.
903 2220 927 2255 ‘2
947 2229 973 2255 o
