1498 2401
308 107 391 147 AD
420 107 472 157 Q.
503 105 806 147 FRATREM.
835 107 937 147 1118.
960 109 995 149 Ι.
1025 109 1064 147 4.
1163 111 1243 150 295

119 214 225 254 ribus
243 215 382 254 invidis
399 215 417 252 ἲ
443 215 506 254 De
521 214 628 254 novis
647 222 775 255 autem
788 216 951 256 tribunis
965 216 1086 269 plebis
1102 224 1157 256 est
1174 217 1241 257 ille

118 269 306 330 quidem
294 282 336 308 m
355 282 418 307 me
431 268 727 308 officiosissimus
739 271 906 319 Sextius,
923 278 973 318 et,
995 284 1117 323 spero,
1139 272 1238 310 Cur-

119 323 210 369 tius,
231 323 348 371 Milo,
360 323 529 386 Fadius,
549 322 773 369 Gratidius3
805 325 871 362 sed
889 300 1000 363 valde
1018 325 1240 364 adversante

119 375 281 416 Clodio:
303 377 373 428 qui
390 377 505 415 etiam
524 378 705 439 privatus·
707 354 841 416 eadem
855 391 974 417 manu
993 379 1132 430 poterit
1150 393 1238 417 con-

117 432 242 470 ciones
261 432 470 469 concitare:
502 430 638 469 deinde
657 432 773 469 etiam
792 432 1010 471 intercessor
1029 433 1238 484 parabitur.

175 485 274 523 Haec
291 485 389 523 mihi
410 484 663 537 proficiscenti
695 498 772 523 non
804 488 1115 537 proponebantur
1131 502 1141 525 :
1173 488 1239 526 sed

119 552 220 590 saepe
238 539 365 577 triduo
384 539 540 577 summa
564 552 653 577 cum
680 539 802 590 gloria
821 540 973 578 dicebar
1000 554 1077 579 esse
1096 541 1239 580 reditu-

118 606 198 632 rus.
227 592 336 641 Quid
354 600 397 631 tu
414 593 532 644 igitur
547 595 564 632 ?
593 593 755 644 inquies.
786 593 895 641 Quid
907 594 925 630 ἶ)
955 594 1089 633 Multa
1103 608 1239 634 conve-

118 655 273 694 nerunt,
287 660 374 698 quae
392 654 564 685 mentem
584 649 831 686 exturbarent
843 661 997 686 meam:
1029 649 1154 688 subita
1173 650 1238 688 de-

117 701 230 740 fectio
249 701 440 752 Pompeii,
453 701 631 739 alienatio
650 701 867 751 consulum,
882 702 997 740 etiam
1015 711 1238 754 praetorum,

120 755 235 794 timor
253 755 562 807 publicanorum,
593 768 712 793 arma.
755 756 957 807 Lacrymae
981 769 1157 795 meorum
1176 771 1240 796 me

120 809 170 848 ad
188 816 351 848 mortem
370 809 424 847 ire
442 809 746 861 prohibuerunt3
777 810 881 862 quod
900 817 1009 855 certe,
1036 818 1076 849 et
1094 811 1143 849 ad
1170 812 1239 849 ho-

121 871 308 903 nestatem
327 871 364 902 et
382 863 431 901 ad
456 863 692 915 effugiendos
710 864 965 903 intolerabiles
984 864 1144 913 dolores,
1164 865 1240 904 fuit

118 917 374 969 aptissimum.
405 917 481 956 Sed
500 917 547 956 de
571 917 644 956 hoc
661 918 792 970 scripsi
810 918 859 956 ad
878 925 915 957 te
932 919 974 956 in
994 919 1039 957 ea
1064 919 1238 971 epistola,

121 985 241 1023 quam
256 971 491 1010 Phaethonti
509 971 608 1010 dedi.
639 972 680 1010 N
683 984 759 1010 unc
770 980 812 1011 tu
825 973 1008 1024 quoniam
1027 973 1067 1011 in
1087 981 1240 1012 tantum

121 1026 273 1064 luctum
293 1033 330 1065 et
354 1026 524 1064 laborem
553 1025 729 1065 detrusus
749 1040 802 1075 es,
823 1034 1014 1078 quantum
1033 1040 1147 1066 nemo
1166 1041 1240 1066 un-

120 1093 266 1132 quam3
297 1080 329 1119 si
353 1081 518 1118 relevare
536 1087 642 1132 potes
669 1093 914 1119 communem
934 1094 1066 1119 casum
1093 1082 1241 1120 miseri-

119 1134 249 1173 cordia
267 1134 495 1180 hominum3
526 1134 667 1173 scilicet
692 1134 912 1173 incredibile
934 1135 1120 1186 quiddam
1139 1149 1240 1175 asse-

118 1188 262 1240 queris.
302 1188 372 1228 Sin
403 1188 518 1240 plane
547 1187 769 1235 occidimus,
800 1191 880 1232 (me
910 1189 1094 1228 miserum
1110 1189 1144 1233 2)
1169 1204 1240 1242 ego

118 1243 300 1282 omnibus
317 1242 413 1281 meis
433 1242 548 1281 exitio
565 1242 687 1291 fuero,
703 1242 844 1295 quibus
863 1250 951 1282 ante
970 1243 1144 1283 dedecori
1161 1256 1240 1283 non

119 1310 237 1336 eram.

174 1351 250 1391 Sed
265 1358 322 1399 tu,
342 1358 387 1389 ut
403 1357 491 1389 ante
506 1350 555 1389 ad
574 1358 612 1389 te
631 1350 776 1403 scripsi,
796 1351 966 1404 perspice
980 1364 1077 1401 rem,
1099 1360 1137 1391 et
1153 1366 1243 1405 per..

116 1413 244 1445 tenta:
267 1412 304 1444 et
317 1405 367 1443 ad
379 1418 456 1453 me,
470 1411 514 1443 ut
532 1412 705 1457 tempora
718 1414 860 1455 nostra,
876 1418 954 1444 non
972 1413 1017 1444 ut
1028 1419 1136 1445 amor
1150 1415 1241 1446 tuus

116 1460 204 1509 fert,
217 1473 303 1499 vere
316 1459 516 1512 perscribe.
545 1459 633 1511 Ego
652 1459 785 1509 vitam,
799 1459 927 1512 quoad
940 1462 1085 1511 putabo
1099 1461 1168 1499 tu'a
1182 1461 1242 1499 in..

119 1522 270 1563 teresse,
290 1523 359 1552 aut
387 1514 438 1552 ad
461 1527 570 1566 spem
590 1513 817 1552 servandam
837 1528 929 1561 esse,
949 1514 1130 1553 retinebo.
1174 1515 1240 1554 Tu

117 1569 227 1607 nobis
259 1568 533 1607 amicissimum
567 1568 743 1607 Sextium
776 1581 1000 1620 cognosces:
1032 1569 1143 1608 credo
1173 1569 1242 1608 tua

119 1623 235 1662 causa
249 1623 345 1661 velle
364 1622 594 1670 Lentulum,
625 1622 693 1674 qui
716 1623 786 1661 erit
812 1623 968 1662 consul:
1000 1636 1241 1675 quamquam

121 1684 213 1716 sunt
226 1677 326 1715 facta
343 1676 467 1716 verbis
485 1676 708 1715 difficiliora.
738 1677 819 1726 Tu,
840 1684 877 1715 et
896 1677 991 1729 quid
1009 1690 1106 1728 opus
1125 1677 1186 1725 sit,
1204 1685 1242 1716 et

121 1731 217 1783 quid
238 1731 300 1780 sit,
321 1730 466 1770 videbis
484 1730 654 1769 omnino.
683 1730 726 1770 Si
743 1738 852 1769 tuam
872 1731 1118 1770 solitudinem
1136 1745 1242 1770 com-

119 1797 358 1837 munemque
376 1785 632 1823 calamitatem
645 1797 758 1823 nemo
771 1785 1007 1837 despexerit;
1039 1793 1107 1824 aut
1123 1799 1192 1838 per
1204 1793 1242 1824 te

120 1839 254 1879 confici
272 1838 433 1890 aliquid,
453 1846 521 1877 aut
539 1838 647 1877 nullo
665 1839 795 1887 modo,
816 1840 971 1891 poterit.
1001 1840 1070 1879 Sin
1089 1848 1126 1878 te
1145 1853 1242 1891 quo-

120 1907 197 1946 que
214 1893 362 1931 inimici
385 1906 522 1932 vexare
541 1893 736 1944 coeperint,
756 1906 804 1932 ne
823 1892 986 1933 cessaris.
1024 1894 1118 1932 Non
1137 1894 1242 1932 enim

120 1947 261 2000 gladiis
279 1960 448 1996 mecum,
468 1947 534 1986 sed
551 1947 698 1995 litibus,
718 1954 863 1999 agetur.
892 1949 1044 1987 Verum
1072 1948 1155 1986 haec
1173 1950 1242 1986 ab·

121 2002 212 2050 sint,
228 2001 355 2040 velim.
385 2001 446 2039 Te
463 2014 543 2050 oro,
563 2009 608 2040 ut
625 2002 675 2040 ad
689 2015 752 2040 me
765 2002 813 2040 de
826 2002 1006 2041 omnibus
1025 2003 1137 2040 rebus
1151 2001 1244 2040 scri-

121 2057 205 2103 bas,
225 2063 264 2095 et
287 2055 328 2094 in
351 2067 415 2094 me
431 2055 553 2094 animi
578 2055 705 2107 potius
723 2063 791 2095 aut
809 2056 957 2095 consilii
975 2063 1086 2108 putes
1112 2055 1243 2095 minus

119 2123 200 2150 esse
213 2123 332 2163 quam
351 2116 478 2160 antea,
497 2110 638 2150 amoris
656 2124 744 2150 vero
763 2117 800 2150 et
818 2110 932 2152 officii
949 2123 1026 2149 non
1044 2110 1186 2150 minus.
