1498 2401
184 74 264 113 350
437 76 516 114 &D
545 74 1066 114 BRUTUM.E111sT.5.

181 183 272 221 ullae
289 183 423 231 literae,
443 197 569 236 neque
587 183 839 222 nuntiabatur
861 183 1091 236 quidquam,
1115 181 1221 235 quod
1238 193 1310 244 pro

180 244 281 276 certo
293 237 535 277 haberemus.
565 237 816 289 Quantopere
827 245 956 276 autem
967 237 1130 287 intersit,
1142 235 1312 288 opprimi

179 290 443 342 Dolabellam,
455 293 624 345 profecto
636 292 843 344 intelligis3
860 305 949 330 cum
960 300 1006 330 ut
1017 292 1166 330 sceleris
1179 302 1312 342 poenas

179 347 385 396 persolvat,
407 355 492 386 tum
504 361 553 385 ne
573 347 634 395 st,
648 360 726 399 quo
746 360 784 385 se
797 347 994 385 latronum
1011 346 1127 385 duces
1145 359 1194 384 ex
1213 345 1314 383 Mu—

180 399 322 439 tinensi
350 401 446 453 fuga
476 402 683 440 conferant.
726 401 859 453 Atque
882 401 956 439 hoc
980 400 1080 439 mihi
1104 401 1189 450 jam
1222 406 1312 438 ante

179 455 383 506 placuisse,
402 463 511 508 potes
526 469 574 495 ex
589 456 848 508 superioribus
859 455 956 494 meis
964 454 1085 494 literis
1096 453 1311 493 recordari:

181 522 425 561 quamquam
443 519 529 550 tum
548 519 586 550 et
611 511 716 562 fugae
733 517 867 562 portus
892 516 972 548 erat
994 509 1036 548 in
1063 509 1140 548 tuis
1165 507 1311 570 castris,

182 570 222 601 et
251 565 467 603 subsidium
493 565 626 604 salutis
661 566 703 603 in
736 573 804 603 tuo
836 564 1017 603 exercitu.
1063 563 1157 611 Quo
1185 562 1312 613 magis

185 629 304 667 nunc,
329 619 482 658 liberati
509 622 570 663 (ut
589 626 715 672 spero)
741 619 934 670 periculis,
954 619 996 656 in
1015 617 1225 656 Dolabella
1242 630 1313 668 op-

182 672 386 723 primendo
407 674 582 727 occupati
607 687 687 713 esse
715 673 914 712 debemus.
954 672 1031 712 Sed
1059 672 1144 710 haec
1170 671 1315 723 eogita-

179 726 240 766 bis
267 727 503 790 diligentius,
531 736 673 767 statues
698 727 916 780 sapienter.
958 727 1074 765 facies
1099 738 1184 772 nos,
1217 724 1314 777 quid

182 782 435 832 constituetis,
463 791 499 822 et
523 783 619 836 quid
647 795 755 834 agas,
781 782 834 834 (si
857 781 927 820 tibi
945 778 1155 831 videbitur)
1182 779 1318 819 certio-

183 849 256 874 165.

241 889 467 930 Ciceronem
485 899 660 930 nostrum
679 891 722 930 in
733 899 904 930 vestrum
923 891 1129 942 collegium
1147 888 1318 941 cooptari

183 946 282 983 volo.
313 946 510 984 Existimo
535 947 709 995 omnino,
732 946 949 985 absentium
968 945 1171 992 rationem,
1193 956 1316 982 sacer-

185 999 322 1037 dotum
341 1000 518 1048 comitiis,
539 1014 647 1052 posse
660 1001 814 1039 haberi:
849 1013 942 1038 nam
961 999 1077 1038 etiam
1096 998 1244 1037 factum
1262 1008 1318 1038 ωε

185 1061 309 1092 antea.
341 1053 459 1093 Caius
478 1055 582 1094 enim
595 1055 763 1103 Marius,
779 1068 870 1094 cum
884 1055 926 1093 in
942 1052 1190 1106 Cappadocia
1207 1059 1318 1101 65561,

185 1108 270 1160 1686
300 1108 478 1148 Domitia
510 1109 634 1149 factus
667 1117 723 1148 est
745 1123 899 1172 augur:
931 1122 1016 1171 nec,
1047 1107 1256 1170 quominus
1277 1107 1320 1146 id

185 1170 318 1214 postea
335 1163 478 1213 liceret,
500 1165 583 1203 ulla
598 1165 664 1203 lex
683 1165 822 1202 sanxit.
851 1164 926 1202 Est
944 1163 1061 1202 etiam
1078 1162 1120 1201 in
1138 1163 1224 1214 1686
1241 1161 1271 1201 J
1273 1175 1321 1200 u-

185 1216 240 1255 113
259 1220 365 1269 (quae
383 1218 449 1256 lex
476 1226 532 1258 est
551 1219 599 1257 de
622 1219 839 1258 sacerdotiis
865 1219 1077 1270 proxima),
1099 1217 1161 1256 1115
1179 1216 1318 1264 verbis,

189 1274 220 1293 ‘⁶
240 1272 309 1323 qui
326 1272 439 1324 petit,
460 1274 619 1323 cujusve
647 1273 744 1312 ratio
768 1273 1015 1312 habebitur.”
1047 1272 1194 1324 Aperte
1219 1270 1322 1310 indi-

188 1335 264 1372 cat,
284 1339 394 1378 posse
409 1327 598 1366 rationem
616 1327 752 1366 haberi
769 1328 886 1366 etiam
905 1340 983 1366 non
1001 1327 1211 1379 praesentis.

244 1381 334 1420 Hac
352 1381 401 1419 de
412 1394 452 1419 re
472 1382 603 1434 scripsi
622 1382 672 1420 ad
695 1395 799 1429 eum,
827 1389 872 1420 ut
890 1389 958 1420 tuo
973 1381 1120 1432 judicio
1136 1387 1322 1429 uteretur,

191 1435 289 1474 sicut
307 1435 349 1473 in
368 1437 485 1474 rebus
504 1436 697 1475 omnibus.
727 1436 824 1475 Tibi
847 1443 979 1474 autem
999 1434 1248 1474 statuendum
1267 1442 1324 1474 aet

190 1489 239 1528 de
253 1489 446 1538 Domitio,
459 1497 498 1528 et
515 1490 563 1528 de
578 1491 726 1529 Catone
739 1498 880 1529 nostro.
911 1490 1001 1538 Sed,
1016 1489 1194 1542 quamvis
1211 1489 1327 1528 116631

190 1543 358 1582 absentis
376 1545 564 1583 rationem
583 1545 731 1592 haberi,
751 1553 883 1583 tamen
901 1544 1033 1583 omnia
1051 1551 1142 1583 sunt
1158 1555 1326 1595 praesen-

192 1597 298 1636 tibus
317 1598 502 1637 faciliora.
536 1599 657 1647 Quod
675 1599 707 1638 51
725 1599 902 1638 statueris
920 1599 962 1637 in
985 1598 1122 1638 Asiam
1140 1598 1212 1637 tibi
1230 1610 1327 1637 eun-

189 1652 302 1699 dum,
322 1653 433 1691 nulla
451 1654 522 1692 erit
532 1653 582 1692 ad
598 1653 753 1692 comitia
766 1661 913 1692 nostros
925 1652 1138 1692 arcessendi
1150 1652 1327 1692 facultas.

191 1706 382 1753 Omnino,
392 1707 522 1746 Pansa
529 1708 630 1757 vivo,
643 1708 822 1747 celeriora
833 1707 964 1747 omnia
970 1709 1217 1760 putabamus.
1241 1708 1329 1747 Sta-

191 1761 265 1799 tim
294 1762 398 1799 enim
432 1763 620 1814 collegam
647 1763 719 1802 sibi
741 1763 1009 1814 subrogasset:
1051 1761 1203 1811 deinde,
1236 1769 1327 1801 ante

190 1815 379 1867 praetoria‚
399 1817 641 1856 sacerdotum
660 1818 815 1857 comitia
832 1817 1007 1856 fuissent.
1036 1816 1078 1855 N
1080 1828 1158 1854 unc
1175 1829 1244 1868 per
1257 1829 1329 1855 au-

191 1870 311 1922 spicia
337 1871 496 1922 longam
524 1884 675 1910 moram
694 1872 817 1911 video.
851 1871 965 1911 Dum
994 1870 1099 1910 enim
1125 1883 1228 1909 unus
1257 1871 1328 1910 erit

189 1924 373 1976 patricius
394 1926 657 1977 magistratus,
683 1927 855 1979 auspicia
879 1926 930 1965 ad
949 1933 1077 1979 patres
1101 1925 1225 1965 redire
1249 1937 1328 1964 non

190 1987 365 2031 possunt.
407 1980 560 2032 Magna
589 1993 680 2020 sane
705 1981 956 2034 perturbatio.
1002 1980 1070 2018 Tu
1103 1981 1183 2020 tota
1211 1979 1260 2018 de
1285 1991 1328 2018 re

191 2032 288 2084 quid
307 2034 461 2083 sentias,
489 2035 621 2085 velim,
651 2048 715 2076 me
742 2035 858 2076 facias
883 2035 1096 2076 certiorem.
1141 2035 1213 2075 111
1239 2033 1325 2074 No-

190 2099 260 2127 nas
280 2087 422 2128 Maias.
451 2089 492 2129 V
493 2090 564 2130 ale.
