1467 2401
317 93 401 131 AD
430 93 718 133 ATTICUM.
749 95 849 133 Lm.
882 95 935 133 X.
965 98 1002 134 ὗ.
1171 98 1223 142 47

101 212 212 238 mum
231 213 391 241 annum.
419 201 476 240 Et
489 202 565 241 alia
579 210 683 251 sunt,
696 216 784 254 quae
799 204 1013 255 exquiram.
1041 204 1071 243 J
1073 205 1225 253 mahat,

102 253 152 293 ad
181 267 390 303 summam,
422 257 526 309 quod
554 257 663 295 nullo
688 258 840 307 negotio
869 258 1022 306 faceret,
1043 259 1228 298 amicissi-

102 321 214 347 mum
242 310 341 349 mihi
372 309 578 350 Caesarem.
611 311 710 349 Esse
739 313 877 350 debet:
909 313 1004 364 quid
1024 314 1143 361 enim,
1167 314 1228 352 in-

102 375 235 413 quam,
249 364 396 416 scripsit
409 366 457 404 ad
473 379 535 403 me
547 366 782 404 Dolabella?
812 365 952 418 [dico‚]
971 367 1066 418 quid
1080 370 1097 406 :³
1125 368 1228 406 affir-

100 418 246 466 mabat,
267 431 356 457 cum
382 420 601 471 scripsisset,
622 421 727 471 quod
745 434 809 458 me
835 429 989 472 cuperet
1008 422 1058 459 ad
1076 422 1227 460 Urbem

103 471 245 519 venire,
260 472 375 511 illum
394 474 552 526 quidem
571 474 713 526 gratias
733 488 844 525 agere
862 475 1068 525 maximas,
1091 483 1128 514 et
1146 489 1225 514 non

101 525 217 564 modo
246 530 422 577 probare,
454 528 520 567 sed
550 529 667 567 etiam
696 529 874 580 gaudere.
911 529 1020 577 Quid
1051 530 1190 582 quaeris
1208 533 1226 570 ‚⁹

99 580 286 632 acquievi.
326 583 474 621 Levata
507 591 563 621 est
593 584 700 631 ,enim
733 584 899 635 suspicio
932 585 1000 622 illa
1029 585 1228 623 domestici

99 635 208 683 mali,
240 644 277 674 et
294 637 480 676 sermonis
506 638 689 676 Hirtiani.
720 638 854 685 Quam
873 639 985 689 cupio
1010 639 1124 677 illum
1143 639 1230 690 dig-

98 700 196 726 num
215 702 295 729 esse
324 692 434 730 nobis
453 692 462 730 Σ
495 700 532 730 et
554 706 673 743 quam
700 692 780 744 ipse
811 705 874 730 me
892 693 1026 739 invito,
1048 694 1127 745 qua
1156 707 1228 745 pro

99 742 167 781 illo
198 744 248 782 sit
281 746 605 797 supplicandum!
649 747 714 785 sed
743 759 840 798 opus
869 746 945 785 fuit
976 747 1108 786 Hirtio
1137 760 1229 786 con-

98 805 224 836 vento.
254 798 328 839 Est
356 801 525 852 profecto
554 801 680 839 neseio
711 801 832 852 quid:
863 801 930 839 sed
960 801 1076 840 velim
1107 815 1226 854 quam

97 851 287 892 minimo:
320 863 356 893 et
380 862 510 894 tamen
537 868 627 893 eum
652 855 827 893 nondum
853 855 995 894 redisse
1024 856 1226 895 miramur.

96 906 174 945 Sed
192 907 273 947 haec
293 909 519 948 videbimus.

153 961 220 1000 Tu
236 963 386 1015 Oppios
398 964 592 1003 Terentiae
603 964 724 1003 dabis.
742 965 771 1003 J
774 977 838 1002 am
851 964 954 1003 enim
966 964 1086 1003 Urbis
1100 978 1226 1003 unum

97 1017 316 1067 periculum
344 1026 411 1057 est.
441 1019 513 1058 Me
543 1027 673 1057 tamen
698 1019 856 1058 consilio
874 1020 984 1069 juva,
1011 1019 1227 1071 pedibusue

98 1069 313 1131 Rhegium,
334 1086 384 1111 an
402 1073 492 1113 hinc
511 1073 639 1113 statim
660 1073 700 1111 in
719 1086 870 1112 navem.
897 1074 1108 1123 Caeterum,
1130 1087 1228 1126 quo-

97 1135 204 1164 mam
241 1140 471 1177 commoror,
518 1142 589 1179 ego
619 1128 668 1166 ad
699 1136 735 1166 te
766 1128 892 1166 statim
933 1128 1084 1167 habebo
1121 1128 1226 1180 quod

96 1179 274 1227 scribam,
296 1182 412 1220 simul
425 1190 469 1220 ut
488 1182 616 1221 videro
631 1181 854 1221 Curionem.
884 1182 947 1220 De
962 1183 1107 1221 Tirone
1119 1195 1226 1231 cura,

96 1245 240 1285 quaeso,
262 1236 384 1288 (quod
402 1236 512 1284 facis)
532 1245 578 1275 ut
595 1237 728 1285 sciam,
751 1237 845 1288 quid
864 1236 896 1275 is
916 1246 1017 1289 agat.

336 1348 420 1394 (5.)
453 1344 668 1385 CICERO
697 1345 918 1385 ATTICO
948 1347 986 1385 s.

151 1451 214 1492 De
231 1453 312 1493 tota
335 1455 423 1494 mezi
447 1456 675 1507 cogitatione
705 1455 837 1507 scripsi
863 1455 912 1494 ad
937 1463 975 1494 te
1001 1462 1114 1494 antea
1136 1454 1226 1494 satis

97 1510 162 1562 (ut
190 1509 288 1547 mihi
317 1510 420 1549 visus
447 1510 553 1560 sum)
581 1510 794 1561 diligenter.
824 1509 888 1548 De
920 1510 982 1549 die
1007 1502 1106 1548 nihil
1135 1523 1227 1549 sane

94 1571 218 1617 potest
246 1565 359 1603 scribi
383 1565 488 1614 certi,
509 1573 646 1617 praeter
664 1565 762 1610 hoc;
793 1577 871 1603 non
896 1572 984 1603 ante
1003 1565 1140 1602 lunam
1158 1577 1228 1603 no-

94 1631 196 1659 vam.
226 1618 406 1658 Curionis
425 1633 549 1658 sermo
572 1619 756 1671 postridie
778 1619 954 1658 eamdem
983 1618 1121 1657 habuit
1148 1619 1228 1657 fere

94 1686 304 1720 summam,
329 1674 403 1712 nisi
433 1675 539 1727 quod
561 1673 730 1725 apertius
757 1674 998 1725 significavit,
1020 1686 1059 1712 se
1085 1673 1226 1711 harum

92 1741 224 1767 rerum
255 1729 404 1767 exitum
433 1741 511 1767 non
541 1729 681 1768 videre.
712 1727 832 1775 Quod
861 1728 960 1767 mihi
990 1728 1153 1766 mandas
1178 1728 1226 1766 de

94 1783 244 1832 Quinto
262 1783 442 1835 regendo,
471 1783 659 1834 Αρκαδιαν.
689 1782 843 1822 Tamen
866 1783 966 1821 nihil
994 1782 1227 1834 praetermit-

93 1845 186 1877 tam.
226 1838 363 1890 Atque
395 1838 546 1878 utinam
583 1837 652 1875 tu!
685 1837 750 1875 sed
788 1837 995 1877 modestior
1032 1849 1110 1875 non
1148 1850 1225 1875 ero.

93 1892 311 1944 Epistolam
330 1892 380 1931 ad
397 1892 621 1931 Vestorium
641 1892 771 1930 statim
791 1893 837 1931 de
855 1890 993 1931 Tullia
1008 1905 1021 1938 ς
1051 1904 1095 1930 ac
1114 1890 1226 1930 valde

93 1947 284 2000 requirere
303 1947 459 1987 solebat.

149 2001 401 2041 Commodius
419 2010 548 2041 tecum
567 2001 762 2040 Vectenus
782 2007 836 2039 est
854 1999 1020 2048 locutus,
1041 2013 1160 2052 quam
1176 1999 1226 2038 ad

95 2068 158 2096 me
177 2056 388 2108 scripserat.
417 2056 494 2096 Sed
511 2055 643 2094 mirari
658 2055 747 2093 satis
765 2054 934 2094 hominis
950 2055 1226 2106 negligentiam

94 2123 172 2150 non
192 2123 305 2164 queo.
336 2111 441 2150 Cum
472 2111 576 2149 enim
595 2109 694 2148 mihi
713 2109 950 2148 Philotimus
974 2109 1133 2148 dixisset
1154 2108 1228 2147 HS

96 2166 132 2206 11
152 2179 278 2206 emere
296 2166 345 2205 de
370 2165 559 2206 Canuleio
588 2164 841 2203 diversorium
867 2163 967 2202 inud
995 2176 1121 2216 posse,
1154 2162 1233 2200 mi-

95 2222 197 2260 nox-ts
226 2220 342 2260 etiarn
374 2228 584 2267 emturum,
612 2219 644 2257 si
670 2218 710 2258 V
712 2226 888 2257 ectenum
910 2218 1134 2269 rogassem3
1165 2229 1236 2255 ro-
