1487 2432
351 455 420 503 M.
455 451 686 502 TULLII
728 447 1085 499 CICERONIS

430 588 1002 645 EPISTOLARUM

535 734 619 772 AD
647 731 920 771 ATTICUM

603 846 759 885 erzn
787 846 864 884 IX.

627 983 821 1016 *-

505 1121 948 1162 ARGUMENTUM.

171 1233 536 1274 Oaxus-mmm
548 1230 641 1268 item
659 1230 731 1268 hoe
743 1230 840 1268 libro
852 1230 1029 1281 Pompeii
1047 1230 1141 1282 fuga
1159 1231 1291 1270 Brun-

170 1287 328 1328 disium,
348 1292 463 1335 atque
481 1283 570 1321 inde
583 1284 623 1321 in
643 1284 914 1321 Macedoniam
933 1285 1183 1331 transmissio,
1203 1298 1291 1336 quae

171 1340 246 1378 fuit
270 1338 405 1377 Idibus
424 1337 605 1382 Martiis;
636 1337 840 1388 praemissis
866 1345 978 1375 antea
996 1338 1216 1376 consulibus
1238 1340 1286 1377 L.

173 1392 353 1433 Cornelio
372 1391 541 1430 Lentulo
560 1399 598 1429 et
620 1391 664 1428 C.
694 1390 858 1429 Claudio
877 1391 1078 1439 Marcello,
1099 1404 1189 1430 cum
1208 1405 1291 1430 om-

171 1448 286 1485 nibus
304 1447 413 1497 paene
431 1444 731 1495 magistratibus,
755 1452 967 1495 cunctoque
986 1453 1118 1483 senatu
1136 1460 1146 1482 ε
1178 1454 1291 1484 aestus

171 1500 292 1540 animi
315 1498 577 1550 aegritudoque
603 1498 806 1545 Ciceronis,
839 1498 1015 1537 Atticum
1046 1499 1291 1547 consulentis,

173 1567 264 1594 cum
293 1553 501 1604 Pompeius
521 1552 638 1590 Italis.
666 1552 828 1600 cesserit,
860 1552 955 1603 quid
985 1552 1056 1590 sibi
1075 1552 1294 1591 faciendum

175 1609 247 1647 sit:
277 1606 576 1658 redeuntemque
590 1606 782 1644 Caesarem
801 1619 824 1643 a
841 1605 1064 1653 Brundisio,
1085 1619 1163 1657 quo
1175 1606 1294 1645 Pom-

175 1661 307 1714 peium
334 1660 459 1699 fuerat
476 1667 708 1712 persecutus,
740 1672 791 1698 an
821 1668 1038 1711 exspectare
1065 1659 1225 1705 debeat3
1255 1669 1294 1698 et

175 1728 255 1767 quo
272 1714 444 1752 maxime
461 1714 502 1751 in
520 1714 617 1761 loco,
629 1726 709 1775 fluo
723 1713 833 1751 vultu
853 1721 890 1752 et
904 1726 1076 1751 sermone
1094 1714 1292 1764 excipere.

177 1769 344 1820 denique
378 1780 598 1818 congressus
617 1768 709 1828 ’ipse
738 1777 827 1805 cum
847 1767 1009 1815 Caesare,
1033 1774 1070 1805 et
1097 1768 1298 1818 utriusque

179 1823 374 1860 discessus.
403 1820 506 1869 Quae
523 1821 652 1859 omnia
675 1820 889 1860 acciderunt
909 1821 1043 1859 diebus
1065 1821 1182 1872 paulo
1207 1823 1296 1872 plus

179 1875 328 1927 viginti.
358 1874 399 1913 N
402 1888 466 1913 am
484 1874 716 1926 quotidianae
733 1874 832 1913 inter
850 1887 916 1914 eos
931 1882 1037 1913 erant
1054 1875 1185 1913 literae.

407 2033 492 2081 (1.)
521 2031 734 2072 CICERO
762 2031 977 2072 ATTICO
1006 2033 1067 2072 ss

242 2139 342 2188 Etsi,
363 2152 452 2178 cum
471 2148 500 2178 tl
533 2141 601 2191 has
623 2141 749 2179 literas
767 2141 923 2192 legeres,
943 2142 1128 2192 putabam
1146 2139 1239 2186 fore,
1261 2147 1302 2178 ut

190 2193 323 2231 scirem
346 2194 428 2242 jam
447 2198 512 2245 qui
565 2194 764 2234 Brundisii
783 2203 911 2234 actum
934 2204 1029 2234 esset
1049 2201 1155 2236 (nam
1177 2193 1309 2232 Canu-

248 2247 536 2298 (Epist.)v01..
559 2259 592 2285 Π
605 2259 632 2284 ῐ.
1015 2260 1038 2285 B
