1498 2401
190 42 269 78 243
385 42 467 81 AD
491 43 780 83 ATTICUM.
810 43 909 83 L113.
932 44 1051 84 XVI.
1084 47 1121 90 7.

190 149 308 188 istum
325 158 569 200 απολσγισμον
586 154 824 203 συνταξομαι,
840 152 905 192 sed
916 153 966 191 ad
977 166 1110 193 eorum
1123 154 1309 206 aliquem,

192 203 332 255 quibus
350 204 478 243 invitis
497 213 534 243 et
552 205 858 245 dissuadentibus
876 207 1067 259 profectus
1093 221 1193 247 sum.
1221 207 1310 245 Etsi

193 257 290 309 quid
310 258 394 307 jam
412 271 510 310 opus
527 266 583 299 est
603 261 776 313 σχολιῳῗὶ
806 260 848 300 Si
872 262 1183 313 perseverassem,
1211 274 1310 313 opus

190 311 335 351 fuisset.
363 312 423 350 At
440 313 512 352 hoc
529 313 659 366 ipsum
677 327 755 353 non
774 322 999 354 constanter.
1030 317 1159 355 Nemo
1176 316 1311 354 doctus

191 378 367 417 unquam
397 368 539 411 (multa
559 376 689 408 autem
717 368 764 408 de
785 369 858 408 hoc
884 382 1020 421 genere
1044 371 1185 422 scripta
1204 376 1313 416 sunt)

190 420 445 460 mutationem
463 424 624 471 consilii,
643 423 937 462 inconstantiam
955 423 1054 462 dixit
1072 438 1162 463 esse.

250 473 444 528 Deinceps
461 476 579 527 igitur
597 478 690 516 haec.
721 479 750 500 “
765 478 886 527 Nam,
903 478 934 516 si
952 491 976 516 a
990 478 1156 518 Phaedro
1168 484 1312 522 nostro,

194 529 374 581 expedita
391 531 582 570 excusatio
600 539 695 571 oeset
711 546 722 570 ε
752 544 855 571 nunc
869 532 965 584 quid
974 533 1250 584 respondemus
1265 532 1314 569 ?'’

195 583 302 634 Ergo
330 583 372 622 id
401 591 480 624 erat
506 598 639 624 meum
671 585 832 635 factum,
863 586 968 638 quod
993 584 1132 626 Catoni
1156 588 1318 639 probare

195 649 275 675 non
288 650 452 689 possem,
468 639 602 691 flagitii
614 641 753 679 scilicet
764 641 925 691 plenum
933 648 977 678 ⁴et
990 641 1181 680 dedecoris
1196 643 1214 679 ἓ
1226 640 1318 679 Uti-

197 704 291 730 nam
308 705 331 730 a
348 693 474 744 primo
491 693 545 732 ita
559 694 629 733 tibi
647 702 742 733 esset
756 694 882 732 visum
901 695 911 732 !
942 702 985 732 tu
1003 695 1115 743 mihi,
1130 695 1320 733 sicutesse

201 745 313 795 soles,
331 746 467 786 fuisses
485 747 594 787 Cato.

255 801 488 840 Extremum
501 801 601 840 illud
612 803 672 841 vel
684 801 994 841 molestissimum
1009 817 1020 841 :
1053 804 1082 826 “
1098 803 1205 841 Nam
1216 802 1322 841 Bru-

201 862 263 894 tus
276 862 402 893 noster
414 855 500 894 silet
512 857 554 893 :⁹⁹
582 857 654 896 hoc
667 864 735 902 est,
747 869 825 894 non
839 856 956 894 audet
967 856 1166 896 hominem
1175 856 1218 895 id
1232 862 1323 895 aeta-

202 908 252 947 tis
269 921 437 948 monere.
467 910 589 948 Aliud
613 910 712 949 nihil
727 911 865 959 habeo,
885 910 990 962 quod
1008 924 1057 950 ex
1074 911 1123 950 iis
1139 924 1163 949 a
1181 918 1218 949 te
1237 923 1322 949 ver-

202 962 262 1001 bis
287 963 491 1014 significari
520 972 657 1016 putem
673 980 683 1003 :
714 972 752 1004 et
785 965 973 1017 (hercule)
1004 965 1060 1004 ita
1089 972 1157 1004 est.
1197 964 1322 1011 Nam,

202 1016 310 1055 XVI
331 1017 415 1056 Cal.
443 1019 547 1070 Sept.
574 1032 663 1058 cum
683 1019 871 1058 venissem
891 1018 1060 1069 Veliam,
1086 1019 1237 1058 Brutus
1254 1031 1324 1057 au-

203 1070 326 1109 divit:
364 1080 444 1110 erat
473 1073 577 1111 enim
603 1086 692 1112 cum
718 1073 796 1112 suis
817 1073 980 1112 navibus
1007 1073 1112 1125 apud
1141 1072 1322 1112 Haletem

203 1124 382 1174 fluvium,
403 1127 497 1165 citra
514 1127 671 1166 Veliam
687 1127 811 1166 millia
828 1140 1015 1179 passuum
1034 1128 1118 1166 ΙΙΙ.
1155 1126 1326 1166 Pedibus

204 1179 255 1218 ad
272 1191 335 1218 me
353 1181 495 1219 statim.
519 1181 589 1219 Dii
602 1182 837 1220 immortales
852 1182 862 1219 !
894 1194 1013 1233 quam
1030 1181 1140 1220 valde
1157 1181 1224 1220 ille
1240 1180 1327 1219 red-

203 1233 277 1281 itu,
308 1234 369 1273 vel
394 1235 521 1286 potius
545 1236 756 1274 reversione
780 1235 882 1283 mea,
914 1236 1079 1284 laetatus,
1105 1235 1242 1274 effudit
1258 1234 1326 1272 illa

205 1287 350 1337 omnia,
384 1301 473 1340 quae
504 1289 696 1328 tacuerat!
739 1297 784 1328 ut
818 1289 1032 1328 recordarer
1066 1289 1166 1328 illud
1195 1296 1326 1335 tuum,

207 1343 236 1364 “
255 1354 348 1380 nam
360 1343 508 1382 Brutus
523 1352 648 1383 noster
662 1344 788 1383 silet.’'
817 1343 996 1382 Maxime
1009 1351 1138 1382 autem
1157 1343 1326 1389 dolebat,

205 1409 270 1435 me
288 1397 372 1435 Cal.
392 1397 500 1437 Sext.
518 1397 559 1435 in
579 1405 713 1437 senatu
729 1408 807 1435 ”nn
825 1397 954 1436 fuisse.
983 1397 1164 1436 Pisonem
1182 1397 1328 1436 ferebat

204 1450 246 1488 in
261 1450 418 1490 coelum:
435 1463 473 1489 se
484 1462 613 1489 autem
624 1451 868 1503 laetari,quod
883 1450 1101 1501 effugissem
1112 1451 1208 1489 duas
1214 1463 1329 1489 max-

204 1505 304 1543 imas
317 1504 634 1556 vituperationes:
655 1517 789 1553 unam,
803 1517 922 1557 quam
935 1504 1069 1544 itinere
1078 1504 1252 1543 fadendo
1264 1517 1330 1543 me

207 1558 469 1609 intelligebam
485 1559 689 1610 suscipere,
705 1558 974 1610 desperationis
984 1572 1028 1597 ac
1041 1558 1245 1597 relictionis
1255 1558 1330 1596 rei-

207 1612 399 1665 publicae:
430 1612 563 1651 flentes
584 1626 738 1651 mecum
758 1613 873 1664 vulgo
898 1614 1168 1664 querebantur,
1189 1613 1332 1665 quibus

208 1667 258 1706 de
274 1679 362 1704 meo
381 1666 490 1705 celeri
503 1667 627 1705 reditu
646 1679 724 1705 non
741 1668 951 1718 probabam
969 1681 979 1704 :
1001 1667 1174 1715 alteram,
1190 1667 1238 1705 de
1252 1665 1332 1718 qua

209 1722 372 1769 Brutus,
392 1728 430 1759 et
448 1721 517 1773 qui
535 1721 614 1759 una
634 1728 755 1770 erant,
782 1720 914 1764 (multi
933 1728 1063 1760 autem
1083 1727 1206 1770 erant)
1222 1720 1332 1759 laeta-

208 1778 364 1822 bantur,
385 1775 490 1826 quod
508 1788 592 1814 eam
605 1774 920 1827 vituperationem
939 1775 1172 1827 effugissem,
1186 1787 1251 1814 me
1265 1787 1332 1813 ex-

210 1827 374 1870 istimari
391 1828 442 1867 ad
465 1828 665 1882 Olympia.
707 1830 797 1869 Hoc
813 1842 902 1868 vero
926 1829 1025 1869 nihil
1042 1829 1208 1881 turpius,
1234 1840 1333 1880 quo-

210 1884 269 1925 vis
286 1882 506 1934 reipublicae
520 1891 715 1935 tempore;
744 1883 823 1933 sed,
835 1883 921 1931 hoc,
936 1890 1215 1930 αναπολογητον.
1243 1883 1333 1933 Ego

211 1950 301 1978 vero
324 1937 468 1976 Austro
491 1938 631 1990 gratias
657 1938 788 1988 miras,
817 1937 885 1990 qui
911 1950 975 1977 me
996 1950 1020 1976 a
1042 1936 1150 1976 tanta
1170 1935 1333 1976 infamia

214 1991 402 2033 averterit.

266 2044 507 2085 Reversionis
535 2044 603 2084 has
627 2045 810 2098 speciosas
834 2059 967 2085 causas
987 2046 1119 2093 habes,
1136 2045 1261 2094 justas
1284 2043 1333 2082 il-

212 2101 269 2140 las
297 2100 470 2152 quidem,
501 2107 539 2138 et
570 2113 730 2151 magnas
746 2114 759 2147 3
791 2101 858 2140 sed
890 2101 1000 2139 nulla
1027 2099 1178 2149 justior,
1212 2111 1331 2150 quam

211 2155 315 2205 quod.
334 2162 377 2194 tu
395 2153 498 2193 idem
517 2153 601 2193 aliis
614 2154 732 2194 literis
749 2169 759 2192 z
792 2157 819 2178 “
836 2154 1014 2200 Provide,
1031 2153 1062 2193 si
1077 2153 1138 2192 cui
1153 2151 1246 2204 quid
1265 2152 1332 2191 de-
