1498 2401
427 87 511 128 AD
534 86 804 128 BRUTUM.
835 87 995 129 Emsr.
1027 90 1091 128 15.
1242 92 1322 131 365

186 197 309 238 blicae.
337 198 428 238 Hoc
444 197 548 237 bello
566 197 727 238 victores
746 210 867 251 quam
894 198 1176 251 rempublicam
1195 198 1318 240 simus

185 252 372 303 habituri,
402 264 481 291 non
512 251 625 292 facile
653 253 907 300 affirmarim,
895 267 906 277 ·
937 254 1046 293 victis
1077 261 1178 295 certe
1208 255 1320 295 nulla

186 319 364 359 unquam
383 307 465 346 erit.

239 361 339 400 Dixi
357 362 475 413 igitur
494 360 699 401 sententias
718 361 759 399 in
778 361 1015 411 Antonium,
1036 363 1148 401 dixi
1137 376 1178 401 m
1198 362 1319 416 Lepi-

182 414 295 478 dum,
317 430 489 455 severas:
521 429 647 468 neque
668 424 748 454 tam
760 416 968 455 ulciscendi
988 431 1116 465 causa,
1137 431 1256 470 quam
1271 426 1318 458 ut

182 477 220 509 et
238 471 280 509 in
298 484 466 523 praesens
486 471 684 510 sceleratos
703 471 802 509 cives
822 471 959 510 timore
978 474 1026 510 ab
1046 471 1315 524 impugnanda

180 525 307 576 patria
339 525 594 571 deterrerem3
626 533 677 573 et,
712 525 753 563 in
788 533 1000 577 posterum,
1035 526 1314 566 documentum

180 585 404 627 statuerem,
435 593 484 618 ne
513 579 601 632 quis
631 580 749 618 talem
774 580 985 618 amentiam
1010 581 1126 620 vellet
1155 581 1314 621 imitari.

180 633 439 687 Quamquam
469 635 552 674 haec
581 634 739 686 quidem
763 635 950 673 sententia
979 648 1057 673 non
1081 635 1205 686 magis
1224 649 1313 675 mea

177 687 267 737 fuit,
289 702 409 741 quam
434 690 624 727 omnium.
655 688 703 726 In
727 689 805 741 qua
829 689 980 728 videtur
1000 690 1098 728 illud
1127 703 1206 728 esse
1225 704 1312 729 cru-

177 742 276 790 dele,
312 744 417 796 quod
446 744 495 782 ad
524 744 678 791 liberm,
710 744 779 795 qui
805 744 904 782 nihil
933 752 1172 791 meruerunt,
1198 758 1312 796 poena

174 798 361 850 pervenit.
391 799 468 838 Sed
485 799 526 837 id
554 806 591 837 et
610 798 816 849 antiquum
837 806 907 846 est,
928 806 964 837 et
983 799 1160 837 omnium
1179 800 1311 838 civita-

174 859 286 891 tum:
317 853 509 905 siquidem
540 853 656 892 etiam
686 852 938 891 Themistocli
965 853 1077 892 liberi
1107 861 1310 905 eguerunt.

174 905 246 957 Et,
266 907 298 946 si
314 907 461 970 judicio
487 908 688 946 damnatos
708 907 842 946 eadem
865 921 977 959 poena
1000 908 1173 960 sequitur
1193 908 1307 957 cives,

173 963 244 1014 qui
269 962 470 1014 potuimus
495 963 658 1001 leniores
688 975 767 1001 esse
794 962 835 1000 in
854 962 1014 1002 hostes?
1045 963 1156 1011 Quid
1174 970 1306 1002 autem

171 1017 282 1068 queri
298 1024 423 1069 potest
443 1017 650 1070 quisquam
674 1017 721 1055 de
740 1030 818 1065 me,
845 1017 927 1069 qui,
954 1017 988 1056 si
1006 1017 1172 1065 vicisset,
1201 1031 1308 1056 acer-

170 1071 320 1110 biorem
338 1084 379 1111 se
397 1072 438 1110 in
457 1085 521 1111 me
547 1073 728 1111 futurum
746 1071 864 1111 fuisse
886 1072 1126 1121 confiteatur,
1153 1084 1306 1111 necesse

172 1128 264 1165 est?

198 1180 334 1220 Habes
342 1182 530 1221 rationem
541 1194 718 1220 mearum
727 1181 1018 1229 sententiarum,
1026 1181 1074 1220 de
1081 1181 1154 1220 hoc
1165 1194 1305 1233 genere

170 1234 362 1275 duntaxat
387 1237 542 1275 honoris
566 1244 604 1274 et
622 1250 757 1288 poenae.
788 1237 912 1284 Nam,
940 1236 989 1275 de
1019 1236 1163 1274 caeteris
1189 1238 1304 1275 rebus

169 1290 266 1342 quid
295 1292 494 1342 senserim,
516 1291 688 1344 quidque
713 1291 941 1339 censuerim,
963 1290 1118 1329 audisse
1137 1298 1174 1329 te
1199 1291 1303 1330 arbi-

168 1350 259 1384 tror.

221 1399 300 1439 Sed
326 1400 409 1440 haec
431 1400 593 1453 quidem
614 1413 692 1439 non
719 1400 775 1438 ita
793 1398 1028 1438 necessaria:
1061 1399 1162 1437 illud
1187 1399 1300 1439 valde

164 1456 436 1503 necessarium,
472 1456 611 1502 Brute,
650 1462 689 1494 te
727 1455 769 1493 in
807 1454 965 1493 Italiam
1002 1467 1093 1493 cum
1130 1454 1301 1493 exercitu

165 1509 295 1548 venire
325 1523 445 1562 quam
464 1510 649 1562 primum.
681 1509 847 1548 Summa
872 1516 928 1547 est
960 1508 1190 1560 exspectatio
1210 1509 1269 1546 tui
1285 1522 1297 1546 ς

165 1564 235 1615 qui
254 1564 287 1602 si
306 1564 465 1603 Italiam
485 1565 668 1615 attigeris,
683 1564 732 1602 ad
748 1572 784 1602 te
803 1576 1008 1601 concursus
1027 1563 1093 1601 fiet
1103 1563 1295 1602 omnium.

165 1618 256 1657 Sive
274 1619 378 1657 enim
399 1619 604 1658 vicerimus
628 1619 715 1671 (qui
738 1617 896 1670 quidem
921 1617 1179 1669 pulcherrime
1198 1617 1300 1656 vice-

163 1685 312 1721 ramus,
331 1673 407 1712 nisi
434 1673 610 1736 Lepidus
638 1674 797 1725 perdere
822 1673 968 1721 omnia,
1000 1680 1038 1710 et
1068 1671 1191 1724 perire
1216 1672 1299 1723 ipse

163 1739 254 1766 cum
275 1728 367 1777 suis,
397 1728 706 1780 concupivisset),
734 1728 803 1767 tua
829 1727 940 1765 nobis
959 1726 1182 1765 auctoritate
1201 1739 1299 1778 opus

162 1789 220 1821 est
245 1782 295 1821 ad
327 1783 593 1823 collocandum
623 1783 796 1834 aliquem
825 1781 988 1821 civitatis
1018 1788 1187 1820 statum:
1220 1781 1299 1819 sive

161 1837 280 1876 etiam
298 1850 404 1877 nunc
421 1845 614 1876 certamen
625 1838 821 1889 reliquum
841 1843 911 1886 est,
931 1835 1107 1875 maxima
1121 1849 1206 1887 spes
1226 1841 1296 1884 est,

163 1904 255 1931 cum
273 1892 314 1932 in
334 1892 559 1932 auctoritate
583 1892 668 1941 tua,
689 1899 776 1930 tum
794 1892 836 1930 in
854 1890 1040 1930 exercitus
1059 1890 1118 1928 tui
1137 1890 1295 1928 viribus.

163 1946 242 1986 Sed
266 1961 444 2000 propera,
470 1960 540 1999 per
564 1946 695 1986 Deos!
728 1946 810 1986 Scis
830 1946 949 1994 enim,
970 1951 1163 1997 quantum
1188 1943 1238 1983 sit
1254 1943 1297 1983 in

162 2003 416 2054 temporibus,
437 2009 631 2054 quantum
650 2001 691 2039 in
710 2000 914 2041 celeritate.

218 2057 366 2097 Sororis
387 2064 464 2095 tuae
477 2056 568 2095 filiis
585 2069 706 2108 quam
721 2056 924 2107 diligenter
950 2054 1164 2101 consulam,
1185 2066 1298 2106 spero

164 2117 203 2150 te
222 2125 272 2151 ex
289 2111 424 2151 matris
442 2118 481 2150 et
498 2124 547 2150 ex
561 2111 698 2150 sororis
715 2110 835 2149 literis
853 2109 1125 2161 cogniturum.
1157 2122 1238 2160 qua
1253 2108 1298 2147 in

162 2166 280 2206 causa
296 2168 487 2229 majorem
504 2166 628 2206 habeo
646 2165 836 2205 rationem
862 2171 941 2203 tuae
959 2162 1168 2202 voluntatis
1185 2164 1298 2215 (quae

162 2221 263 2260 mihi
293 2220 489 2262 carissima
516 2218 611 2272 est),
638 2233 762 2275 >quam
794 2220 858 2272 (ut
884 2218 1120 2311 qgiligffiam
1145 2215 1295 2269 videor)
