1487 2432
413 84 493 122 AD
522 82 808 121 AT'HCUM.
840 81 939 119 Lm.
964 78 1042 118 IX.
1070 82 1108 118 2.
1290 77 1317 116 3

194 207 259 232 mc
277 192 434 246 quidem
453 191 551 230 alius
571 203 685 229 nemo
698 196 851 235 rnovet3
882 201 959 227 non
974 199 1099 226 sermo
1111 187 1314 233 bonorum,

194 248 264 299 qui
279 247 377 285 nulli
395 253 510 292 sunt3
540 258 617 283 non
636 257 764 292 causa,
785 257 873 295 quae
890 250 974 280 acta
992 240 1127 279 timide
1145 248 1214 288 est,
1228 252 1318 290 age-

197 309 261 339 tur
292 302 478 353 improbe.
507 299 602 346 Uni,
634 298 702 336 uni
731 298 804 336 hoc
835 297 987 345 damus,
1011 308 1060 333 ne
1087 294 1127 332 id
1159 294 1317 345 quidem

197 355 361 406 roganti,
392 367 461 392 nec
493 366 604 392 suam
627 364 780 391 causam
810 353 874 403 (ut
899 350 971 398 ait)
1000 348 1142 401 agenti,
1163 348 1229 386 sed
1246 360 1321 398 pu-

194 410 351 447 blicam.
384 409 450 447 Tu
475 407 570 458 quid
588 407 728 458 cogites
752 405 800 444 de
824 404 1055 443 transeundo
1073 403 1114 442 in
1135 402 1319 455 Epirum,

197 463 293 502 scire
312 476 401 502 sane
420 463 550 501 velim.

438 626 526 674 (2.)
556 622 769 663 CICERO
797 621 1021 662 ATTICO
1050 622 1090 661 S.

256 733 345 772 Etsi
363 733 489 772 Nonis
512 733 667 772 Martiis
691 732 770 776 (die
789 739 871 781 tuo,
895 738 940 770 ut
959 731 1110 783 opinor)
1134 735 1327 781 exspecta-

201 790 293 826 bam
308 788 508 840 epistolam
523 801 546 826 a
564 796 601 825 te
618 786 831 837 longiorem
846 800 858 832 3
889 794 1018 825 tamen
1034 785 1083 824 ad
1102 797 1187 823 eam
1205 785 1329 835 ipsam

202 844 373 890 brevem,
411 855 530 894 quam
561 840 630 879 ΙΙΙ
665 841 800 879 Nonas
831 842 897 878 ὑπο
928 856 991 884 την
1031 841 1146 886 ληψιν
1176 837 1328 887 dedisti,

204 896 489 937 rescribendum
508 895 654 948 putavi.

261 950 439 989 Gaudere
463 950 519 988 ais
540 958 592 998 te,
619 949 805 988 mansisse
830 962 919 995 meg
949 955 987 987 et
1012 947 1156 996 scribis,
1185 947 1332 985 insen-

205 1005 326 1043 tentia
351 1012 389 1043 te
418 1017 585 1043 manere.
636 1004 742 1042 Mihi
770 1011 900 1042 autem
932 1003 1189 1054 superioribus
1208 1001 1331 1040 {iteris

205 1059 382 1097 videbare
419 1071 496 1097 non
533 1058 723 1106 dubitare,
761 1057 857 1109 quin
894 1057 1081 1105 cederem,
1120 1056 1188 1104 ita,
1231 1055 1262 1094 si
1296 1062 1333 1094 et

207 1112 350 1152 Cnaeus
361 1114 457 1151 bene
469 1113 673 1151 comitatus
687 1111 976 1160 conscendisset,
987 1119 1023 1149 et
1032 1110 1203 1149 consules
1211 1117 1334 1148 trans-

207 1169 336 1206 issent.
368 1167 513 1205 Utrum
532 1166 604 1204 hoc
629 1174 672 1205 tu
697 1179 837 1217 parum
854 1164 1164 1212 commeministi,
1195 1177 1245 1202 an
1264 1176 1334 1215 ego

206 1234 285 1260 non
305 1221 394 1259 satis
419 1220 605 1269 intellexi,
634 1233 684 1258 an
702 1220 865 1258 mutasti
885 1219 1142 1257 sententiam?
1172 1218 1248 1257 Sed
1266 1225 1334 1256 aut

207 1288 256 1314 ex
275 1275 449 1327 epistola,
470 1288 590 1327 quam
609 1282 800 1326 exspecto,
813 1273 1055 1325 perspiciam,
1072 1272 1167 1324 quid
1181 1272 1333 1319 sentias,

207 1336 276 1368 aut
293 1329 388 1368 alias
406 1331 474 1367 abs
496 1338 534 1367 te
562 1329 691 1368 literas
710 1328 872 1367 eliciam.
900 1328 1112 1366 Brundisio
1141 1326 1335 1365 nihildum

207 1391 292 1422 erat
311 1385 487 1422 aUatum.
1313 1411 1316 1414 ,

265 1438 304 1477 Ο
323 1451 403 1476 rem
419 1437 628 1486 difficilem,
648 1437 840 1489 planeque
853 1437 1043 1489 perditam
1059 1437 1069 1475 1
1101 1450 1219 1490 quam
1238 1437 1336 1477 nihil

208 1492 467 1544 praetermittis
496 1492 537 1530 in
563 1492 718 1530 consih'o
740 1492 894 1530 dando!
930 1504 1049 1544 quam
1074 1492 1172 1530 nihil
1190 1500 1334 1540 tamen,

211 1546 316 1598 quod
334 1547 405 1585 tibi
428 1546 503 1598 ipsi
527 1545 689 1598 placeat,
716 1546 910 1598 explicas!
942 1547 1036 1585 Non
1063 1560 1142 1585 esse
1170 1560 1234 1584 me
1256 1547 1337 1585 una

209 1614 300 1640 cum
320 1600 521 1653 Pompeio,
537 1600 680 1652 gaudes
697 1615 707 1638 z
738 1613 782 1639 ac
800 1601 994 1652 proponis,
1015 1613 1134 1652 quam
1147 1601 1195 1639 sit
1208 1608 1334 1652 turpe,

209 1668 275 1694 me
292 1655 436 1703 adesse,
457 1667 547 1693 cum
571 1654 666 1707 quid
685 1654 732 1693 de
750 1655 818 1693 illo
836 1655 1072 1702 detrahatur,
1093 1667 1162 1693 nec
1180 1655 1237 1693 fas
1257 1668 1336 1693 esse

211 1711 436 1761 approbare.
471 1708 596 1748 Certe.
633 1707 779 1748 Contra
789 1709 942 1756 igitur?
972 1709 1056 1757 Dii,
1071 1709 1212 1760 inquis,
1229 1723 1336 1748 aver-

210 1771 383 1802 runcent.
415 1763 524 1811 Quid
554 1776 643 1815 ergo
669 1763 748 1811 fiet,
779 1764 810 1801 si
834 1764 875 1801 in
905 1764 1024 1801 altero
1050 1764 1170 1802 scelus
1201 1770 1270 1812 est,
1293 1763 1335 1801 in

209 1818 329 1856 altero
358 1818 593 1869 supplicium
609 1821 626 1856 Ρ
659 1816 901 1869 Impetrabis,
936 1817 1079 1869 inquis,
1112 1831 1136 1855 a
1170 1815 1334 1865 Caesare,

210 1879 256 1910 ut
285 1872 357 1910 tibi
388 1874 518 1910 abesse
545 1873 670 1919 liceat,
695 1879 733 1910 et
763 1885 843 1910 esse
867 1871 999 1910 otioso.
1030 1871 1335 1923 Supplicandum

211 1925 361 1977 igitur?
391 1927 601 1964 miserum!
634 1926 758 1974 Quid,
789 1926 821 1964 si
842 1939 920 1964 non
939 1926 1181 1978 impetrato?
1210 1926 1265 1964 Et
1290 1926 1338 1964 de

213 1981 411 2032 triumpho
436 1981 520 2026 erit,
547 1980 691 2032 inquis,
722 1981 929 2031 integrum.
955 1980 1078 2029 Quid,
1106 1980 1138 2018 si
1159 1980 1232 2019 hoc
1253 1980 1337 2032 ipso

206 2038 395 2085 premar?
427 2035 659 2087 Accipiam?
689 2035 784 2086 quid
808 2035 979 2073 foedius?
1009 2035 1196 2085 Negem?
1225 2047 1340 2086 repu—

209 2088 307 2126 diari
320 2102 360 2128 se
374 2096 514 2137 totum,
526 2089 650 2141 magis
662 2090 792 2138 etiam,
809 2102 927 2141 quam
943 2089 1036 2128 olim
1051 2088 1091 2126 in
1108 2088 1332 2134 XXviratu,

211 2143 375 2194 putabit.
403 2144 461 2181 Ac
491 2144 599 2192 solet,
630 2157 720 2182 cum
751 2157 790 2182 se
819 2150 974 2195 purgat,
1005 2143 1044 2181 in
1074 2155 1138 2180 me
1167 2141 1336 2181 conferre

210 2209 368 2237 omnem
400 2197 556 2236 illorum
590 2206 808 2251 temporum
846 2199 1029 2249 culpamz
1074 2197 1129 2235 ita
1165 2209 1228 2236 me
1263 2196 1337 2235 sibi
