1498 2401
210 89 290 128 390
489 89 568 130 DE
598 89 788 130 PETIT.
818 89 978 133 CONS.
1009 92 1047 131 6.

213 207 251 240 et
269 213 335 253 spe
361 199 598 252 reliquorum
625 206 783 238 tuorum
805 199 1032 248 officiorum,
1055 208 1094 240 et
1122 201 1336 242 recentibus

211 255 418 302 beneficiis,
450 254 499 293 ad
521 253 693 292 studium
715 254 938 293 navandum
964 255 1245 294 excitabuntur.
1281 256 1338 295 Et

213 309 386 356 omnino,
407 309 591 361 quoniam
611 321 655 346 eo
677 321 815 359 genere
843 309 1099 347 amicitiarum
1117 310 1251 361 petitio
1269 317 1337 349 tua

212 364 384 403 maxime
412 363 563 401 munita
593 369 663 408 est,
690 362 794 414 quod
822 376 1021 401 causarum
1053 363 1338 403 defensionibus

212 418 373 470 adeptus
393 431 456 463 esg
477 417 538 455 fac
557 424 601 455 ut
618 417 733 468 plane
750 416 797 454 iis
813 417 1006 465 omnibus,
1027 431 1124 469 quos
1144 418 1337 457 devinctos

208 481 328 517 tenes,
349 471 583 523 descriptum
598 484 641 509 ac
659 471 886 523 dispositum
905 485 1020 510 suum
1039 472 1178 524 cuique
1194 485 1339 512 munus

213 527 272 566 sit.
316 526 385 574 Et,
419 525 749 578 quemadmodum
780 525 927 564 nemini
962 526 1120 564 illorum
1153 527 1338 566 molestus

211 581 323 619 nulla
348 581 390 618 in
412 593 453 618 re
481 592 655 632 unquam
677 579 799 627 fuisti,
838 579 890 618 sic
911 593 1004 618 cura
1030 587 1076 618 ut
1102 580 1334 632 intelligant,

212 635 345 675 omnia
372 642 423 683 te,
451 648 539 686 quae
571 636 619 672 ab
648 634 725 672 illis
750 634 822 673 tibi
846 633 976 672 deberi
998 634 1162 687 putaris,
1189 635 1239 674 ad
1264 635 1339 674 hoc

210 696 365 742 tempus
383 689 602 727 reservasse.

265 745 342 783 VI.
373 743 462 788 Sed,
484 743 668 794 quoniam
695 742 817 781 tribus
841 744 955 782 rebus
973 742 1148 782 homines
1165 742 1338 782 maxime

209 798 260 838 ad
273 798 579 837 benevolentiam
591 804 707 848 atque
718 797 767 835 ad
778 796 860 836 haec
875 797 1111 849 suffragandi
1125 797 1251 835 studia
1264 798 1339 836 du-

211 860 364 900 cuntur,
383 851 580 899 beneficio,
602 865 682 903 spe,
702 851 947 901 adjunctione
965 851 1100 898 animi,
1121 852 1178 890 vel
1199 852 1338 890 volun-

208 913 312 953 tate3
343 906 726 945 animadvertendum
749 913 819 954 est,
844 904 1174 959 quemadmodum
1199 906 1339 959 cuique

207 961 349 1000 horum
380 960 509 1012 generi
534 960 582 998 sit
608 960 904 999 inserviendum.
944 960 1125 1000 Minimis
1145 961 1339 1000 beneficiis

207 1015 383 1054 homines
408 1014 666 1060 adducuntur,
690 1021 736 1052 ut
760 1015 850 1054 satis
877 1028 1001 1055 causae
1028 1022 1166 1067 putent
1190 1028 1269 1054 esse
1287 1015 1338 1054 ad

210 1070 382 1108 studium
402 1069 708 1120 suffragationis;
739 1069 884 1108 nedum
901 1070 944 1118 ii,
972 1070 1114 1122 quibus
1139 1069 1254 1108 saluti
1271 1070 1336 1108 fu-

208 1124 287 1169 isti,
307 1138 403 1177 quos
422 1132 464 1162 tu
483 1123 601 1162 habes
620 1123 823 1174 plurimos,
852 1136 930 1163 non
956 1124 1186 1176 intelligant,
1212 1124 1245 1162 si
1262 1124 1336 1163 hoc

209 1185 277 1217 tuo
292 1186 463 1230 tempore
482 1177 551 1216 tibi
569 1190 645 1216 non
659 1177 918 1227 satisfecerint,
935 1192 974 1217 se
991 1180 1170 1231 probatos
1189 1178 1335 1217 nemini

207 1245 383 1285 unquam
402 1233 493 1272 fore.
524 1232 644 1280 Quod
663 1245 752 1270 cum
764 1232 818 1270 ita
832 1233 894 1282 sit,
909 1240 1039 1272 tamen
1051 1232 1211 1285 rogandi
1230 1241 1335 1282 sunt,

208 1294 325 1339 atque
354 1287 470 1326 etiam
494 1286 535 1324 in
562 1287 662 1325 hanc
688 1287 908 1338 opinionem
932 1287 1161 1334 adducendi,
1189 1294 1246 1335 ut,
1266 1288 1336 1339 qui

208 1342 319 1380 nobis
338 1341 464 1380 adhuc
483 1341 642 1393 obligati
655 1341 812 1390 fuerint,
833 1342 879 1381 iis
897 1341 1063 1381 vicissim
1082 1354 1152 1380 nos
1172 1341 1334 1393 obligari

208 1409 318 1448 posse
337 1396 548 1435 videamur.
578 1395 661 1443 Qui
679 1403 809 1434 autem
832 1409 899 1448 spe
926 1404 1105 1435 tenentur
1125 1395 1249 1448 (quod
1267 1409 1334 1447 ge-

208 1463 282 1489 nus
301 1450 506 1488 hominum
525 1450 650 1488 multo
669 1451 783 1488 etiam
803 1458 858 1489 est
876 1450 1098 1502 diligentius
1116 1458 1232 1502 atque
1250 1449 1334 1488 offi-

208 1503 412 1554 ciosius),
402 1505 448 1542 1is
467 1504 527 1542 fac
544 1512 589 1542 ut
606 1504 846 1555 propositum
874 1518 918 1544 ac
935 1512 1115 1557 paratum
1141 1504 1334 1542 auxilium

208 1566 323 1598 tuum
343 1572 421 1597 esse
440 1558 641 1603 videatur3
671 1558 836 1611 denique
855 1566 900 1597 ut
919 1566 1169 1611 spectatorem
1188 1567 1226 1597 te
1245 1571 1335 1597 suo-

206 1627 297 1652 rum
316 1613 527 1652 officiorum
540 1626 618 1651 esse
628 1587 846 1664 intelligant
860 1613 1112 1665 diligentem;
1134 1620 1192 1661 ut,
1209 1612 1337 1652 videre

205 1675 244 1706 te
276 1668 390 1719 plane
419 1675 535 1719 atque
567 1667 882 1717 animadvertere,
912 1678 1104 1720 quantum
1133 1681 1157 1706 a
1181 1680 1338 1720 quoque

205 1721 480 1774 proficiscatur,
501 1729 693 1773 appareat.
725 1722 905 1761 Tertium
923 1722 1023 1760 illud
1040 1735 1162 1784 genus
1180 1730 1237 1761 oet
1254 1729 1336 1760 stu-

206 1776 359 1815 diorum
371 1776 647 1823 voluntarium,
662 1776 779 1828 quod,
793 1777 951 1828 agendis
963 1777 1107 1828 gran'is,
1121 1788 1335 1815 accommo-

206 1830 344 1869 dandis
363 1831 601 1869 sermonibus
613 1831 662 1868 ad
676 1844 738 1869 eas
753 1831 930 1879 rationes,
942 1839 1097 1883 propter
1115 1843 1211 1882 quas
1230 1830 1335 1882 quis-

207 1899 284 1937 que
303 1884 494 1924 studiosus
513 1898 591 1923 esse
609 1885 667 1923 tui
686 1885 891 1934 videbitur,
912 1885 1163 1951 significanda
1181 1891 1274 1936 erga
1287 1884 1337 1922 il-

207 1939 265 1978 los
283 1940 367 1992 pari
386 1939 595 1986 voluntate,
616 1939 842 1978 adducenda
859 1940 1030 1978 amicitia
1041 1940 1080 1977 in
1093 1951 1202 1991 spem
1220 1939 1338 1978 fami-

207 1993 382 2032 liaritatis
403 2002 440 2032 et
465 1994 765 2041 consuetudinis,
793 1994 1011 2033 confirmari
1028 1993 1229 2046 oportebit.
1257 1993 1336 2032 At-

208 2061 299 2100 que,
318 2048 359 2086 in
377 2048 424 2087 115
442 2048 622 2087 omnibus
633 2022 851 2110 generibus,
862 2048 1035 2099 judicato
1047 2055 1084 2086 et
1094 2047 1334 2100 perpendito,

207 2110 400 2164 quantum
420 2102 583 2155 quisque
597 2102 740 2154 possit,
760 2111 806 2142 ut
825 2103 933 2152 scias,
949 2111 988 2141 et
1005 2101 1335 2155 quemadmodum

207 2157 347 2209 cuique
365 2157 561 2218 inservias,
583 2165 619 2195 et
638 2157 733 2209 quid
751 2171 774 2196 a
799 2170 955 2210 quoque
978 2164 1172 2219 exspectes
1191 2163 1229 2194 et
1236 2168 1337 2216 pos-

207 2211 319 2250 tules.
348 2211 449 2250 Sunt
468 2211 570 2250 enim
591 2211 752 2263 quidam
779 2211 987 2252 homines
976 2224 1018 2251 m
1037 2211 1115 2250 suis
1134 2209 1336 2250 vicinitati-
