1498 2401
221 98 300 136 304
392 98 477 137 AD
505 98 557 147 Q.
585 97 889 138 FRATREM.
919 98 1020 138 Lm.
1040 98 1100 137 ΙΙ.
1131 97 1170 136 6.

392 206 483 260 (5.)
521 207 762 247 MARCUS
790 208 843 257 Q.
870 207 1091 247 FRATRI
1119 206 1160 245 S.

286 315 611 366 (Argumentum.
628 317 757 356 —De
787 316 951 369 pecunia
979 314 1166 367 Pompeio
1195 314 1237 353 in
1260 313 1343 353 fru-

220 371 408 408 mentaria
435 370 550 409 causa
575 371 751 418 decret313
781 371 829 410 de
856 385 947 423 agro
966 371 1167 422 Campano
1185 368 1280 422 quid
1301 368 1343 407 in

222 432 357 486 senatu
376 432 505 463 actum
524 425 598 472 sit;
619 432 656 464 et
674 426 721 464 de
740 426 800 464 M.
822 426 941 465 Furio
955 425 1093 464 Flacco
1112 423 1160 463 de
1178 422 1345 476 collegiis

221 485 371 528 ejecto.)

274 586 468 626 Dederam
487 587 536 626 ad
555 595 592 627 te
609 588 736 626 literas
748 596 873 638 antea,
890 588 1031 641 quibus
1045 593 1125 626 erat
1141 586 1340 639 scriptum,

219 640 394 680 Tulliam
424 650 593 681 nostram
619 643 835 694 Crassipedi
859 643 957 696 prid.
984 643 1089 680 Non.
1112 640 1240 693 April.
1264 655 1344 680 esse

221 696 511 747 desponsatam:
558 705 768 749 caeteraque
797 697 845 736 de
870 710 910 735 re
936 694 1090 748 publica
1117 695 1342 748 privataque

221 751 523 802 perscripseram.
565 752 704 789 Postea
732 759 822 789 sunt
845 752 926 790 haec
956 758 1052 789 acta.
1092 749 1218 788 Nonis
1239 751 1341 802 Apr.

220 806 564 843 senatfis-consulto
598 805 784 857 Pompeio
815 804 979 857 pecunia
1010 804 1159 843 decreta
1189 803 1231 841 in
1259 817 1343 842 rem

219 858 511 898 frumentariam
530 859 579 898 ad
599 860 670 899 HS
692 858 855 899 CCCC.
894 859 969 899 Sed
997 858 1131 897 eodem
1149 858 1212 897 die
1229 858 1342 897 vehe-

219 920 367 951 menter
396 925 525 952 actum
561 913 609 952 de
640 927 732 966 agro
763 914 965 966 Campano
994 913 1159 952 clamore
1191 914 1342 951 senatus

217 979 337 1018 prope
356 968 576 1006 concionali.
611 969 814 1007 Acriorem
839 981 993 1008 causam
1018 966 1148 1019 inopia
1168 966 1341 1018 pecuniae

218 1020 393 1070 faciebat,
421 1030 458 1060 et
485 1035 647 1061 annonae
671 1023 817 1062 caritas.
857 1023 950 1062 Non
974 1020 1264 1074 praetermittam
1290 1033 1341 1059 ne

218 1074 318 1113 illud
341 1076 525 1126 quidem:
557 1077 618 1115 M.
641 1077 806 1116 Furium
833 1077 1031 1125 Flaccum,
1059 1075 1226 1128 equitem
1256 1075 1340 1113 Ro-

216 1141 393 1178 manum,
413 1130 610 1170 hominem
632 1143 814 1184 nequam,
841 1130 1051 1184 Capitolini
1069 1138 1107 1168 et
1126 1128 1339 1168 Mercuria-

215 1183 271 1221 les
290 1183 336 1221 de
356 1184 513 1237 collegio
532 1187 735 1237 ejecerunt,
755 1194 996 1240 praesentem,
1009 1185 1059 1224 ad
1071 1183 1188 1237 pedes
1205 1183 1340 1222 unius-

216 1238 406 1290 cujusque
420 1239 624 1290 jacentem.

391 1402 483 1457 (6.)
513 1403 750 1444 MARCUS
778 1404 830 1454 Q.
856 1402 1080 1445 FRATRI
1110 1403 1152 1443 s.

269 1511 596 1564 (Argumentum.
615 1538 670 1547 —-
688 1513 752 1553 De
787 1515 902 1553 rebus
937 1511 1109 1566 privatis,
1145 1511 1336 1564 imprimis

211 1567 454 1617 sponsalibus
467 1575 504 1606 et
523 1567 783 1618 aedificatione,
808 1568 961 1607 scribit:
993 1565 1157 1608 consulis
1176 1566 1337 1605 Lentuli

212 1619 433 1659 illarcelh'ni
463 1622 503 1660 in
530 1622 782 1674 impediendis
812 1623 962 1674 legibus
985 1620 1204 1674 perniciosis
1231 1633 1355 1673 egre-·

211 1674 323 1725 gium
342 1674 528 1727 studium,
549 1684 587 1715 et
605 1676 680 1715 alia
697 1677 745 1715 de
763 1688 804 1715 re
824 1676 1012 1729 publica.)

264 1782 319 1821 A.
339 1782 377 1821 d.
398 1783 511 1823 VIII
532 1784 591 1823 Id.
613 1784 709 1837 Apr.
729 1785 921 1837 sponsalia
937 1783 1155 1838 Crassipedi
1173 1783 1335 1836 praebui.

211 1837 318 1876 Huic
336 1838 507 1877 convivio
525 1853 621 1891 puer
639 1840 822 1892 optimus,
839 1840 1012 1888 Quintus
1027 1848 1117 1878 tuus
1133 1851 1335 1891 meusque,

210 1891 316 1943 quod
346 1892 546 1944 perleviter
573 1901 786 1932 commotus
807 1893 946 1943 fuerat,
974 1894 1108 1933 defuit.
1139 1893 1190 1931 A.
1210 1892 1248 1931 d.
1270 1893 1335 1932 VI

212 1946 273 1983 ld.
295 1946 419 1998 April.
442 1947 528 1985 veni
547 1947 596 1985 ad
615 1948 826 1997 Quintum,
849 1961 1016 2001 eumque
1036 1948 1114 1987 vidi
1139 1948 1255 2000 plane
1274 1946 1336 1985 in-

210 2006 389 2051 tegrum;
420 2000 667 2054 multumque
692 2003 725 2041 is
753 2014 908 2041 mecum
937 2015 1152 2042 sermonem
1181 2000 1333 2051 habuit,

210 2061 248 2092 et
265 2054 567 2105 perhumanum,
592 2056 641 2095 de
659 2056 854 2096 discordiis
873 2057 1083 2096 mulierum
1101 2062 1332 2096 nostrarum.

208 2106 319 2156 Quid
355 2109 494 2161 quaeris
510 2112 528 2148 Ρ
575 2110 674 2149 nihil
710 2110 895 2150 festivius.
951 2111 1167 2164 Pomponia
1201 2117 1331 2149 autem

206 2162 323 2201 etiam
341 2163 389 2202 de
407 2170 445 2202 te
463 2171 598 2216 questa
617 2173 698 2204 est:
727 2164 794 2204 sed
808 2164 890 2204 haec
905 2178 1032 2205 coram
1050 2176 1222 2218 agemus.

257 2218 298 2255 A
317 2230 436 2269 puero
466 2226 510 2257 ut
539 2218 706 2268 discessi,
737 2219 777 2258 in
810 2232 940 2260 aream
971 2227 1079 2260 tuam
1104 2219 1204 2259 veni.
1247 2217 1327 2258 Res
