1498 2401
151 120 232 165 372
379 119 464 158 AD
492 118 759 160 BRUTUM.
789 119 944 158 Erxs'r.
979 117 1042 163 17.

148 235 236 267 tum
267 236 306 267 et
337 228 480 268 radices
509 228 681 268 habituri
713 227 878 277 altiores,
913 227 945 267 si
976 226 1172 279 patiamur
1185 223 1205 262 Ρ
1233 228 1279 262 ut

146 283 232 333 jam
251 282 339 332 ista,
365 297 452 335 quae
476 284 581 330 facit,
610 295 688 321 non
719 282 1034 329 dominationem,
1062 279 1129 319 sed
1153 278 1281 317 domi-

148 349 246 375 num
265 338 501 385 Antonium,
532 338 702 376 timentis
728 337 816 376 sint.
845 336 933 388 Ego
958 343 1088 374 autem
1114 332 1278 386 gratiam

149 402 227 429 non
246 392 383 439 habeo,
405 392 436 430 si
456 392 556 444 quis,
577 392 674 430 dum
696 404 746 430 ne
763 392 860 429 irato
879 390 1031 436 serviat,
1051 402 1133 428 rem
1151 387 1279 439 ipsam

150 457 229 484 non
249 446 484 498 deprecatur.
515 447 648 485 Immo
664 445 885 498 triumphus
904 453 941 483 et
960 443 1194 495 stipendium
1212 441 1279 479 de-

149 500 331 548 cernitur,
352 508 389 539 et
408 500 589 540 omnibus
608 499 768 539 decretis
796 507 964 538 ornatur.
997 495 1170 547 [Pudeat
1188 507 1279 534 con-

150 554 342 606 cupiseere
367 554 580 598 fortunam..
611 556 721 604 cujus
748 566 890 592 nomen
916 551 1133 604 susceperit.
1175 549 1279 589 Con-

153 608 292 647 sularis
309 609 397 657 hoc,
415 618 482 648 aut
498 609 705 657 Ciceronis,
727 617 781 647 est
793 608 833 659 1³]

206 663 407 712 Quoniam
439 663 537 702 mihi
565 671 687 702 tacere
716 675 795 701 non
817 660 942 709 licuit,
969 661 1073 711 leges
1098 672 1187 711 quae
1208 657 1281 697 tibi

152 729 303 757 necesse
323 725 378 756 est
396 718 559 756 molesta
577 730 668 756 esse.
698 716 858 754 Etenim
877 715 958 767 ipse
978 714 1113 760 sentio,
1133 719 1282 765 quanto

151 784 242 810 cum
272 772 402 810 dolore
433 771 516 811 haec
546 771 595 810 ad
624 779 662 809 te
689 769 1000 822 perscripserim:
1031 781 1102 806 nec
1130 766 1279 818 ignoro,

152 826 249 878 quid
267 826 406 865 sentias
425 826 465 864 in
485 839 526 864 re
543 823 711 878 publicai,
733 832 770 863 et
788 836 907 876 quam
926 823 1166 874 desperatam
1185 833 1283 873 quo-

151 893 229 932 que
248 881 373 919 sanari
392 888 503 932 putes
521 893 641 932 posse.
671 880 757 918 Nec
781 878 1032 925 (mehercule)
1052 884 1105 924 te,
1132 875 1279 923 Attice,

150 934 400 986 reprehendo.
432 935 545 973 AEtas
574 933 694 981 enim,
713 946 852 980 mores,
879 932 1004 978 liberi,
1026 942 1182 983 segnem
1201 928 1283 968 effi-

152 988 286 1027 ciunt:
318 988 423 1040 quod
455 989 613 1041 quidem
639 988 755 1027 etiam
789 1000 838 1026 ex
870 986 1006 1025 Flavio
1037 992 1167 1024 nostro
1193 996 1282 1036 per-

153 1043 272 1094 spexi.
304 1043 380 1081 Sed
399 1043 511 1081 redeo
530 1043 579 1081 ad
599 1043 834 1081 Ciceronem.

208 1097 318 1145 Quid
343 1097 442 1135 inter
465 1097 730 1136 Salvidienum
764 1103 801 1135 et
834 1108 924 1134 eum
954 1094 1108 1133 interest
1124 1095 1142 1132 ἓ
1172 1091 1282 1141 Quid

153 1159 285 1190 autem
318 1151 486 1203 amplius
521 1152 587 1190 ine
634 1151 850 1190 decerneret
863 1149 882 1187 2>
928 1149 1076 1196 Timet,
1115 1146 1281 1199 inquies,

152 1205 270 1244 etiam
289 1218 392 1244 nunc
411 1206 592 1257 reliquias
606 1206 698 1244 belli
717 1205 848 1244 civilis.
880 1204 1102 1255 Quisquam
1120 1214 1210 1253 ergo
1228 1201 1284 1239 ita

152 1259 264 1298 timet
283 1260 545 1311 profligatum,
558 1267 603 1298 ut
621 1273 746 1311 neque
764 1258 976 1311 potentiam
996 1258 1078 1307 ejus
1092 1256 1161 1308 qui
1174 1268 1283 1294 exer-

153 1314 275 1352 citum
305 1314 489 1352 victorem
517 1315 671 1362 habeat,
706 1326 832 1366 neque
862 1311 1118 1351 temeritatem
1153 1308 1280 1362 pueri,

153 1375 264 1419 putet
290 1367 614 1406 extimescendam
645 1370 758 1406 esse?
799 1369 866 1406 An
899 1367 971 1405 hoc
1004 1365 1134 1418 ipsum
1166 1363 1213 1402 ea
1240 1376 1282 1402 re

152 1422 259 1469 facit,
292 1422 396 1473 quod
415 1422 486 1469 illi,
507 1430 663 1474 propter
682 1421 993 1474 amplitudinem,
1024 1419 1156 1458 omnia
1181 1419 1280 1468 jam,

155 1476 349 1527 ultroque,
370 1476 577 1515 deferenda
595 1483 708 1527 putat
724 1478 742 1515 Ρ

209 1530 249 1569 Ο
268 1542 454 1581 magnam
473 1530 677 1568 stultitiam
697 1529 857 1578 timoris,
877 1528 918 1568 id
936 1529 1080 1580 ipsum,
1100 1526 1204 1579 quod
1219 1539 1284 1565 ve-

154 1584 284 1632 rearis,
318 1584 373 1622 ita
398 1598 544 1633 cavere,
564 1592 623 1631 ut,
652 1598 741 1623 cum
769 1584 888 1622 vitare
916 1583 1072 1621 fortasse
1100 1580 1283 1633 potueris,

154 1639 259 1677 ultro
277 1651 442 1677 arcessas
468 1646 505 1676 et
535 1639 729 1677 attrahas!
761 1638 944 1676 Nimium
969 1636 1153 1675 timemus
1179 1647 1285 1674 mor-

154 1699 249 1739 tem,
282 1700 320 1731 et
352 1693 547 1740 exsilium,
587 1700 623 1731 et
653 1700 932 1744 paupertatem.
975 1691 1073 1729 Haec
1105 1689 1285 1728 videntur

156 1746 333 1785 Ciceroni
351 1747 490 1785 ultima
505 1759 584 1785 esse
602 1747 643 1784 in
657 1747 770 1785 malis
787 1761 797 1784 ε
829 1754 879 1792 et,
900 1745 993 1783 dum
1010 1745 1150 1783 habeat
1163 1743 1286 1795 aqui-

155 1802 230 1839 bus
248 1801 427 1852 impetret
456 1814 544 1853 quae
563 1801 668 1849 velit,
696 1809 733 1839 et
752 1815 775 1839 a
798 1800 939 1853 quibus
964 1799 1110 1838 colatur
1128 1811 1173 1836 ac
1199 1798 1285 1836 lau-

157 1854 283 1903 detur,
305 1855 541 1903 servitutem,
561 1854 812 1894 honorificam
830 1854 964 1899 modo,
983 1866 1060 1892 non
1079 1852 1286 1904 adsperna-

156 1916 246 1954 tur;
278 1909 310 1948 si
334 1909 549 1961 quidquam
577 1909 618 1947 in
644 1910 816 1948 extrema
838 1922 883 1948 ac
903 1906 1121 1947 miserrima
1149 1913 1289 1945 eontu-

155 1963 274 2002 melia
293 1972 418 2015 potest
435 1963 689 2002 honorificum
705 1977 795 2002 esse.

214 2017 326 2056 Licet
352 2030 442 2069 ergo
467 2025 617 2070 patrem
647 2019 814 2070 appellet
835 2015 1021 2063 Octavius
1046 2015 1284 2063 Ciceronem,

161 2071 300 2110 referat
318 2072 462 2120 omnia,
482 2072 627 2120 laudet,
647 2072 787 2123 gratias
806 2079 895 2123 agat
910 2085 923 2117 ;
953 2080 1082 2109 tamen
1101 2068 1200 2107 illud
1217 2081 1288 2120 ap-

159 2126 324 2177 parebit,
345 2128 461 2165 verba
483 2128 598 2165 rebus
623 2139 703 2165 esse
727 2125 925 2165 contraria.
955 2123 1064 2173 Quid
1082 2123 1186 2162 enim
1204 2130 1287 2161 tam

161 2179 333 2218 alienum
352 2181 401 2219 ab
421 2181 603 2219 humanis
629 2180 802 2220 sensibus
820 2188 890 2228 est,
911 2191 1029 2232 quam
1059 2190 1150 2216 eum
1167 2175 1288 2228 patris

160 2232 300 2275 habere
324 2234 424 2286 loco,
447 2235 516 2288 qui
541 2247 591 2275 ne
612 2234 724 2275 liberi
752 2234 911 2288 quidem
928 2231 1099 2274 hominis
1126 2242 1288 2270 numero
