1498 2401
267 93 346 130 230
458 91 542 131 An
569 91 858 132 ATTICUM.
888 90 990 130 LIB.
1020 91 1118 131 xv.
1144 91 1210 129 22.

490 199 606 254 (21.)
646 200 858 241 CICERO
885 198 1110 239 ATTICO
1137 183 1178 239 s.

329 309 457 348 Narro
469 308 565 356 tibi3
589 309 762 358 Quintus
779 316 888 362 pater
907 309 1074 347 exsultat
1091 306 1236 347 laetitia.
1269 303 1398 360 Serip-

271 364 320 403 sit
339 364 442 402 enim
468 364 584 412 filius,
606 377 646 402 se
666 364 806 402 idcirco
835 363 1039 415 profugere
1066 362 1114 401 ad
1133 363 1306 400 Brutum
1330 375 1398 402 vo-

270 418 402 466 luisse,
424 418 542 470 quod,
564 431 653 457 cum
679 418 754 457 sibi
780 417 978 469 negotium
998 417 1105 455 daret
1121 417 1334 464 Antonius,
1353 424 1400 455 ut

275 485 365 510 eum
381 472 604 511 dictatorem
624 473 798 519 efficeret,
818 471 1042 523 praesidium
1054 478 1269 522 occuparet,
1289 470 1330 508 id
1341 483 1401 509 re-

273 526 466 565 cusasset:
497 526 690 565 recusasse
717 534 846 565 autem
866 539 919 574 55,
939 538 988 563 115
1006 525 1125 577 patris
1147 525 1324 563 animum
1341 524 1402 564 of-

273 580 468 619 fenderet:
491 594 539 619 ex
559 594 603 620 eo
622 581 695 619 sibi
713 581 827 618 illum
844 580 1007 618 hostem.
1037 579 1145 617 Tum
1164 592 1242 628 me,
1257 578 1399 630 inquit,

274 635 423 686 collegi,
443 648 590 682 verens,
611 648 659 673 ne
683 635 778 687 quid
803 634 902 672 mihi
923 634 989 672 ille
1011 633 1130 671 iratus
1148 633 1220 672 tibi
1237 639 1399 672 noceret.

274 689 415 740 Itaque
434 702 524 727 eum
543 689 714 740 placavi:
737 696 775 727 et
793 688 951 739 quidem
964 687 1101 727 CCCC
1116 694 1232 735 certa,
1252 687 1401 738 reliqua

274 743 315 780 in
336 756 413 795 spe.
444 743 584 782 Scribit
604 752 734 781 autem
754 742 914 791 Statius,
929 741 1042 779 illum
1060 754 1150 781 cum
1166 748 1274 793 patre
1292 741 1404 780 habi-

275 805 357 835 tare
375 798 484 836 velle.
515 797 604 836 Hoc
622 810 711 836 vero
725 796 894 834 mirum.
884 810 894 819 ·
926 803 964 834 et
982 795 1023 833 id
1039 794 1194 847 gaudet.
1222 795 1402 847 Ecquem

276 857 320 888 tu
339 851 407 889 illo
427 851 623 890 certiorem
643 851 909 888 nebulonem?

334 908 409 942 Em
396 920 479 957 07r,
513 912 678 944 vestram
704 904 751 942 de
776 917 817 942 re
842 903 942 942 Cani
960 903 1242 943 deliberationis
1270 905 1406 956 probo.

279 958 394 997 Nihil
421 971 525 997 eram
545 959 759 1011 suspicatus
785 958 833 996 de
861 959 1028 997 tabulis:
1061 974 1106 995 ακ
1098 974 1185 1009 ,εραι
1189 974 1237 1002 ως
1254 957 1409 997 roetitu-

279 1019 361 1050 tam
390 1013 614 1051 arbitrabar.
651 1013 754 1061 Quae
771 1012 914 1060 differs,
937 1020 983 1051 ut
1000 1025 1156 1051 mecum
1174 1024 1318 1059 5013111,
1339 1025 1408 1051 ex-

278 1068 469 1118 spectabo.
501 1067 754 1114 Tabellarios‚
768 1066 896 1118 quoad
914 1067 1030 1114 voles,
1044 1067 1214 1105 tenebis:
1245 1079 1284 1105 oe
1303 1066 1404 1105 enim

279 1128 497 1172 occupatus.
527 1121 647 1170 Quod
663 1121 712 1159 ad
731 1121 951 1169 Xenonem,
971 1122 1102 1172 probe.
1133 1120 1252 1169 Quod
1269 1120 1408 1170 scribo,

280 1187 370 1213 cum
389 1176 596 1214 absolvero.
628 1175 779 1224 Quinto
798 1175 994 1227 scripsisti,
1015 1182 1053 1213 te
1073 1175 1124 1214 ad
1141 1187 1232 1214 eum
1251 1175 1379 1214 literas
1397 1189 1409 1214 ε

281 1241 396 1268 1151110
416 1230 606 1268 attulerat.

336 1283 432 1322 Tiro
444 1292 558 1335 negat
569 1285 653 1334 jam
667 1284 738 1322 tibi
752 1284 900 1335 placere
912 1283 1184 1331 Brundisium,
1200 1290 1238 1322 et
1252 1283 1410 1336 quidem

285 1336 410 1376 dicere
429 1338 577 1389 aliquid
596 1338 644 1376 de
668 1338 870 1376 militibus.
899 1338 956 1377 At
975 1351 1044 1389 ego
1064 1339 1147 1388 jam
1166 1337 1410 1387 destinaram,

283 1391 536 1443 Hydruntem
567 1392 738 1444 quidem.
780 1392 996 1432 Movebant
1032 1405 1097 1430 me
1125 1400 1204 1430 tuae
1240 1393 1414 1444 quinque

281 1445 410 1483 horae:
440 1446 506 1485 hic
537 1454 668 1484 autem
705 1453 875 1498 quantus
905 1446 1044 1488 πλουςέ
1085 1446 1152 1484 sed
1177 1446 1408 1486 videbimus.

285 1499 429 1537 Nullas
449 1513 472 1538 a
493 1507 530 1537 te
549 1501 614 1538 XI
644 1500 726 1539 Cal.
753 1500 898 1552 quippe
915 1515 924 1538 :
956 1499 1052 1552 quid
1071 1500 1174 1539 enim
1189 1501 1270 1550 jam
1291 1500 1411 1540 novi?

286 1552 389 1592 Cum
402 1552 574 1604 primum
586 1554 704 1606 igitur
717 1555 872 1606 poteris,
893 1555 1032 1593 venies.
1061 1555 1150 1606 Ego
1167 1567 1345 1607 propero,
1364 1567 1414 1594 ne

284 1614 372 1646 ante
391 1609 554 1648 Sextus:
587 1621 706 1661 quem
724 1608 930 1647 adventare
948 1608 1071 1649 aiunt.

507 1772 620 1819 (22.)
651 1770 865 1811 CICERO
894 1769 1118 1810 ATTICO
1147 1771 1188 1810 S.

345 1878 528 1917 Gratulor
547 1879 657 1918 nobis
678 1879 876 1928 Quintum
895 1879 1021 1918 filium
1041 1878 1201 1919 exiisse:
1231 1881 1418 1920 molestus

291 1944 369 1970 non
389 1932 471 1971 erit.
512 1932 682 1972 Pansam
711 1936 809 1973 bene
836 1934 945 1986 loqui
976 1933 1115 1973 credo:
1149 1947 1298 1987 semper
1315 1935 1420 1974 enim

293 1987 543 2036 conjunctum
563 2000 641 2026 esse
654 2001 744 2026 eum
760 1989 891 2027 Hirtio
911 1988 1006 2027 scio:
1028 1988 1304 2028 amicissimum
1315 1989 1422 2028 Bru

293 2047 333 2078 to
353 2048 390 2078 et
411 2041 543 2079 Cassio
554 2049 663 2092 puto,
679 2042 710 2080 si
729 2043 933 2094 expediet;
949 2042 1032 2086 (sed
1045 2042 1200 2094 quando
1219 2042 1305 2082 11105
1318 2043 1425 2082 vide-

294 2094 353 2132 bit
367 2093 434 2143 ?)
425 2095 626 2133 mimicum
646 2097 843 2142 Antoni0;
875 2096 1045 2150 quando,
1065 2104 1132 2134 aut
1151 2109 1243 2135 5111.
1233 2099 1251 2125 '³
1281 2110 1424 2149 quous-

297 2161 374 2200 que
391 2149 598 2188 ludemur.
588 2151 605 2177 ⁹
627 2149 715 2201 Ego
733 2159 865 2189 autem
880 2151 1012 2211 scripsi
1027 2150 1190 2190 Sextum
1205 2150 1423 2201 adventare,

298 2214 376 2241 non
392 2216 470 2255 quo
486 2204 570 2254 jam
585 2203 744 2249 adesset
765 2205 831 2244 sed
851 2205 943 2256 quia
960 2211 1059 2243 certe
1081 2204 1121 2243 id
1140 2213 1282 2256 ageret,
1301 2206 1351 2244 ab
1366 2219 1425 2244 ar-
