1498 2401
223 129 304 174 376
456 126 540 165 AD
568 123 834 165 BRUTUM.
865 125 1029 165 Ems'r.
1055 125 1115 165 19.

513 466 611 512 Quae
630 471 845 517 sequuntur
863 467 1062 518 Epistolae‚

228 600 317 634 arcte
336 599 491 634 centum
521 596 679 634 circiter
708 609 843 644 annos,
865 597 909 633 in
930 591 1161 643 Germania,
1180 605 1229 632 εει·
1246 594 1351 631 anti-

225 676 300 713 quo
318 665 416 701 libro
431 664 641 714 depromta
660 668 765 713 sunt,
781 668 896 714 atque
913 664 1028 701 editae
1040 675 1054 699 .·
1074 662 1120 700 de
1138 662 1275 712 quibus
1292 662 1351 700 ita

229 731 446 769 Lambinus
461 745 475 768 .·

281 800 309 821 “
330 798 521 846 Quamvis
540 811 602 837 eas
615 798 657 836 in
675 798 785 836 nullo
803 798 922 838 veteri
939 796 1150 850 exemplari
1163 795 1352 836 inveneri-

224 885 341 919 mus3
371 880 501 912 tamen
520 885 591 911 nec
610 872 815 912 Germanis
840 873 958 912 fidem
982 873 1163 925 derogare
1195 872 1284 926 (qui
1311 885 1352 913 se

223 947 266 986 in
284 955 432 987 vetusto
451 947 577 988 codice
597 961 659 987 eas
679 949 859 1000 reperisse
886 949 1013 988 testati
1032 948 1157 1000 sunt),
1177 960 1247 988 nec
1264 961 1352 988 nos-

224 1030 330 1061 trum
348 1024 573 1062 alterutram
591 1023 630 1062 in
650 1031 800 1076 partem
814 1023 1006 1074 judicium
1019 1025 1272 1078 interponere,
1285 1037 1352 1064 vo-

224 1098 383 1137 luimus.
422 1099 553 1152 Siquis
572 1106 702 1138 tamen
727 1099 954 1138 sententiam
974 1106 1142 1139 nostram
1160 1098 1351 1152 exquirat,

225 1173 404 1212 videntur
421 1175 532 1214 nobis
564 1187 757 1227 germanae
787 1175 903 1214 Bruti
931 1183 970 1214 et
997 1174 1189 1215 Ciceronis
1215 1173 1351 1214 esse:”

225 1249 327 1299 quod
360 1249 463 1287 idem
489 1250 676 1298 Victoria,
715 1250 896 1301 Sigonio,
926 1251 1132 1299 Munatio,
1153 1249 1349 1296 Patricio,

230 1323 397 1374 Oliveto,
419 1326 548 1365 visum
567 1330 635 1364 est.

454 1474 573 1529 (19.)
604 1475 816 1518 CICERO
844 1475 1046 1518 BRUTO
1076 1476 1118 1516 S.

281 1582 386 1622 Cum
404 1583 486 1623 haec
505 1585 732 1634 scribebam,
759 1600 818 1625 res
837 1585 1128 1625 existimabatur
1155 1584 1196 1624 in
1227 1592 1352 1625 extre-

223 1650 335 1676 mum
355 1638 520 1677 adducta
538 1640 742 1680 discrimen
759 1655 769 1679 :
800 1641 924 1679 tristes
942 1640 1045 1679 enim
1058 1639 1106 1678 de
1119 1640 1245 1678 Bruto
1261 1651 1351 1678 nos-

224 1699 283 1731 tro
310 1691 430 1731 literae
461 1694 667 1746 nuntiique
692 1695 958 1735 afferebantur.
1002 1695 1074 1733 Me
1097 1694 1253 1746 quidem
1272 1705 1351 1732 non

223 1747 395 1786 maxime
425 1750 728 1787 conturbabant:
759 1749 819 1788 his
850 1749 952 1788 enim
986 1748 1213 1787 exercitibus
1242 1747 1351 1786 duci-

223 1801 389 1852 busque,
417 1815 513 1853 quos
543 1802 744 1851 habemus,
770 1805 879 1842 nullo
909 1803 1024 1842 modo
1053 1811 1225 1855 poteram
1250 1801 1352 1840 diffi-

222 1855 326 1893 dere.
370 1856 509 1908 Neque
541 1857 771 1896 assentiebar
809 1858 947 1908 majori
982 1857 1082 1909 parti
1117 1857 1348 1896 hominum:

222 1909 340 1948 fidem
360 1911 464 1948 enim
487 1912 690 1950 consulum
716 1925 793 1950 non
821 1912 1139 1960 condemnabam,
1166 1924 1254 1963 quae
1285 1923 1352 1949 su-

223 1972 351 2015 specta
383 1965 627 2004 vehementer
657 1974 760 2004 erat:
793 1967 1069 2015 desiderabam,
1096 1964 1292 2004 nonnullis
1309 1964 1352 2003 in

222 2020 350 2066 rebus,
366 2019 612 2070 prudentiam
633 2028 670 2058 et
689 2021 946 2066 celeritatem3
977 2020 1056 2072 qua
1076 2019 1107 2058 si
1125 2026 1250 2058 essent
1274 2018 1350 2066 usi,

219 2073 456 2124 jampridem
471 2075 751 2126 rempublicam
771 2074 1109 2127 temperassemus.
1139 2074 1233 2112 Non
1249 2072 1353 2112 enim

222 2127 389 2177 ignoras,
405 2136 550 2179 quanta
560 2137 758 2167 momenta
767 2129 843 2168 sint
853 2131 891 2168 in
900 2143 939 2167 re
947 2129 1102 2181 publica
1110 2135 1326 2179 temporum
1335 2140 1350 2174 ;

223 2189 262 2218 et
280 2181 376 2232 quid
394 2182 555 2230 intersit,
575 2182 679 2221 idem
704 2183 803 2221 illud
830 2192 962 2222 utrum
989 2190 1077 2221 ante
1104 2194 1152 2220 an
1180 2188 1266 2234 post
1284 2181 1351 2219 de-

222 2243 413 2284 cernatur,
427 2237 667 2289 suscipiatur,
688 2244 836 2289 agatur.
865 2237 1028 2286 Omnia,
1043 2250 1131 2292 quae
1145 2248 1271 2277 severe
1284 2235 1350 2277 de-
