1498 2401
217 115 299 153 228
408 113 491 153 ΑΙ)
520 114 806 154 ATTICUM.
837 115 939 153 LIB·
970 113 1065 154 XV.
1094 115 1160 153 20.

217 230 318 261 tum.
348 222 422 261 Est
439 223 537 261 illud
557 223 714 285 quidem
735 223 899 274 -ργωδες,
914 221 980 262 sed
993 236 1151 270 ανεκτον,
1166 219 1341 272 mihique

212 277 492 327 gratissimum.
535 277 598 316 De
616 278 745 326 armis,
766 277 864 315 nihil
883 277 962 316 vidi
979 275 1157 329 apertius.
1197 275 1342 326 Fugia-

217 342 307 369 mus
326 331 470 382 igitur;
500 339 553 380 at,
573 339 618 370 ut
637 332 705 380 ais,
726 344 866 370 coram.

272 385 529 447 Theophanes
548 386 642 447 quid
661 386 765 433 velit,
785 385 920 424 nescio.
951 385 1159 437 Scripserat
1177 381 1342 421 enimad

217 452 306 478 me:
337 440 401 477 cui
419 440 606 492 rescripsi,
625 448 670 478 ut
688 439 810 492 potui.
840 439 945 478 Mihi
963 447 1093 478 autem
1111 437 1255 484 scribit,
1275 449 1342 475 ve-

217 493 300 532 nire
319 493 368 531 ad
386 506 450 532 me
471 507 511 533 se
529 494 640 543 velle,
660 502 705 533 ut
722 501 759 532 et
777 494 825 532 de
843 494 922 532 suis
939 495 1069 541 rebus,
1090 499 1127 531 et
1145 491 1340 544 quaedam,

216 561 306 599 quae
324 548 372 586 ad
391 560 454 586 me
477 549 702 600 pertineant.
732 548 841 587 Tuas
858 548 985 587 literas
1004 553 1192 599 exspecto.
1223 545 1341 594 Vide,

218 615 365 653 quasso,
378 614 427 640 ne
446 602 540 654 quid
559 610 699 641 temere
711 602 790 640 fiat.

273 656 417 694 Statius
436 656 585 708 scripsit
603 656 652 694 ad
665 669 743 704 me,
763 656 937 695 locutum
956 668 1089 694 secum
1108 668 1186 694 esse
1204 653 1258 703 Q.
1274 653 1342 693 Ci-

217 722 393 748 ceronem
411 710 522 748 valde
541 717 809 757 asseveranter,
839 723 878 748 se
894 711 977 749 haec
995 710 1093 748 ferre
1111 721 1188 747 non
1206 721 1340 760 posse:

217 771 367 802 certum
396 764 467 802 sibi
495 777 588 810 esse,
622 764 671 802 ad
696 765 869 802 Brutum
898 772 936 802 et
963 763 1143 803 Cassium
1171 762 1343 801 transire.

222 817 312 856 Hoc
331 818 524 857 enimvero
544 830 648 856 nunc
664 817 809 856 discere
827 831 920 857 aveo
935 833 945 856 :
973 818 1048 856 hoc
1066 830 1150 868 ego,
1171 815 1266 868 quid
1280 816 1343 866 sit,

215 871 457 924 interpretari
475 885 552 910 non
571 884 741 923 possum.
771 872 904 910 Potest
920 871 1068 923 aliquid
1078 871 1198 910 iratus
1215 872 1346 909 Anto-

219 925 310 964 nio:
340 933 464 978 potest
495 926 657 976 gloriam
689 938 830 964 novam
854 939 1048 987 quaerere.
1038 940 1048 949 ·
1076 932 1200 977 potest
1218 931 1345 963 totum

217 992 299 1018 esse
321 980 555 1032 σχεδιασμαε
587 988 624 1018 et
643 980 829 1018 nimirum
857 980 912 1018 ita
941 989 1008 1019 est.
1050 979 1126 1018 Sed
1158 986 1288 1017 tamen
1307 985 1345 1017 et
1398 1006 1403 1009 -

218 1046 290 1084 ego
304 1046 448 1081 vereor,
464 1040 501 1071 et
519 1040 626 1085 pater
645 1036 892 1073 conturbatus
911 1042 979 1073 est.
1011 1033 1092 1072 Scit
1119 1033 1236 1081 enim,
1257 1046 1345 1084 quae

219 1087 286 1125 ille
321 1087 368 1126 de
400 1087 497 1126 hoc:
526 1101 680 1126 mecum
714 1087 872 1140 quidem
904 1097 1032 1139 αφατα
1057 1087 1163 1126 011111.
1205 1087 1343 1136 Plane,

218 1141 314 1192 quid
329 1142 433 1189 velit,
454 1141 591 1181 1185810.
611 1143 653 1181 A
666 1142 873 1181 Dolabella
884 1142 1066 1180 mandata
1075 1142 1240 1188 habebo,
1257 1154 1346 1193 quae

219 1195 317 1233 mihi
336 1195 583 1244 videbuntur,
603 1196 644 1234 id
663 1204 732 1245 est,
752 1196 862 1234 nihil.
903 1196 980 1235 Dic
1003 1196 1116 1245 mihi,
1138 1194 1185 1236 C.
1216 1195 1347 1234 Anto-

220 1249 308 1288 nius
333 1250 504 1289 voluitne
522 1250 605 1289 fieri
624 1250 859 1302 septemvir?
888 1250 964 1289 fuit
982 1258 1081 1289 certe
1099 1250 1251 1301 dignus.
1281 1249 1345 1288 De

218 1303 454 1343 Menedemo
472 1311 542 1353 est,
563 1312 607 1343 ut
626 1305 768 1344 scribis.
798 1304 930 1344 Facies
947 1304 1079 1344 omnia
1095 1304 1194 1343 mihi
1212 1310 1315 1342 nota.

436 1466 551 1512 (20.)
589 1462 802 1503 CICERO
830 1463 1053 1504 ATTICO
1081 1464 1123 1504 S.

272 1570 351 1623 Egi
365 1571 504 1622 gratias
519 1571 715 1611 Vecteno:
737 1572 836 1611 nihil
855 1573 958 1612 enim
975 1572 1103 1625 potuit
1120 1571 1344 1611 humanius.

220 1625 435 1664 Dolabellae
453 1626 636 1665 mandata
653 1627 730 1665 sint
748 1628 953 1679 quaelibet:
984 1628 1085 1666 mihi
1103 1626 1263 1679 aliquid,
1283 1626 1345 1666 vel

218 1679 325 1731 quod
337 1680 378 1718 N
380 1680 462 1718 iciae
480 1681 668 1719 nuntiem.
699 1681 800 1730 Quis
815 1682 918 1720 enim
931 1682 1029 1730 haec,
1050 1689 1094 1720 ut
1110 1681 1254 1730 scribis,
1275 1693 1346 1719 an·

218 1740 283 1772 te.
273 1736 291 1762 '³
320 1746 369 1772 ne
390 1747 494 1773 nunc
513 1734 687 1774 dubitare
706 1749 943 1798 quemquam
972 1735 1215 1788 prudentem,
1247 1734 1345 1788 quin

220 1800 331 1826 meus
345 1788 528 1827 discessus
541 1789 812 1841 desperationis
826 1791 888 1838 sit,
909 1803 986 1828 non
1004 1789 1235 1841 legationis?

264 1842 384 1890 Quod
397 1842 466 1890 ais,
484 1850 656 1882 extrema
667 1843 875 1896 quaedam'
861 1858 944 1894 Jam
962 1844 1135 1883 homines
1147 1843 1195 1882 de
1213 1856 1254 1882 re
1271 1856 1345 1895 pu-

218 1895 321 1934 blica
339 1896 460 1948 loqui,
481 1904 519 1935 et
537 1910 599 1936 eos
618 1897 776 1949 quidem
792 1898 890 1937 viros
908 1900 1051 1944 bonos;
1083 1911 1166 1950 ego,
1187 1910 1265 1950 quo
1284 1896 1346 1935 die

217 1949 350 1988 audivi
385 1950 499 1988 illum
527 1958 736 2002 tyrannum
764 1952 805 1990 in
827 1952 1007 1992 concione
1036 1955 1066 1975 “
1091 1952 1346 1992 clarissimum

219 2003 372 2042 virum'
376 2004 624 2056 'appellari,
663 2005 908 2046 subdiffidere
944 2006 1063 2058 coepi:
1094 2013 1225 2058 postea
1255 2017 1345 2043 vero

217 2070 339 2109 quam
366 2065 493 2097 tecum
512 2059 682 2099 Lanuvii
710 2060 804 2109 vidi,
833 2069 980 2099 nostros
999 2068 1151 2099 tantum
1175 2058 1258 2112 spei
1274 2059 1346 2097 ha-

218 2113 309 2150 bere
323 2112 373 2150 ad
391 2112 615 2162 vivendum,
636 2121 827 2176 quantum
847 2115 1076 2166 accepissent
1094 2116 1143 2153 ab
1158 2112 1344 2161 Antonio,

216 2165 429 2218 desperavi.
462 2167 614 2220 Itaque,
630 2167 687 2206 mi
705 2168 851 2217 Attice,
867 2169 1014 2208 fortiter
1024 2169 1096 2208 hoc
1111 2169 1229 2208 velim
1247 2167 1345 2206 3881-

219 2219 316 2270 pias,
336 2227 381 2260 ut
399 2234 470 2272 ego
488 2222 624 2262 scribo.
664 2222 799 2263 Genus
817 2223 916 2263 illud
934 2223 1120 2274 interitus,
1140 2235 1220 2276 quo
1236 2234 1346 2263 casu-
