1498 2401
334 136 418 178 AD
447 136 499 185 Q.
526 132 827 174 FRATREM.
858 134 961 174 Lm.
981 133 1039 173 II.
1071 134 1109 171 6.
1205 133 1285 171 3θὸ

157 246 344 296 agebatur
374 244 510 284 multis
540 244 803 283 structoribus.
848 243 1075 295 Longilium
1099 240 1289 280 redemto-

156 312 241 337 rem
260 299 477 339 oohortatus
504 312 603 338 sum.
646 299 784 345 Fidem
810 299 908 337 mihi
931 298 1107 345 faciebat,
1132 309 1170 334 se
1190 296 1287 334 velle

156 353 268 392 nobis
287 354 448 406 placere.
477 353 632 393 Domus
646 353 716 392 erit
733 353 907 405 egregia:
929 352 1053 403 magis
1065 350 1168 389 enim
1183 349 1287 388 cerni

153 408 238 458 jam
257 415 418 460 poterat,
439 421 559 460 quam
577 417 769 461 quantum
790 421 837 446 ex
857 408 982 446 forma
998 406 1282 457 judicabamus.

155 463 340 515 Itemque
353 470 481 501 nostra
500 463 668 501 celeriter
687 461 958 500 aedjficabatur.

213 516 276 557 Eo
305 517 367 555 die
396 517 539 556 coenavi
567 516 672 569 apud
698 516 993 568 Crassipedem:
1029 522 1210 561 coenatus,
1243 514 1284 552 in

157 571 287 610 hortos
317 571 367 610 ad
390 571 622 623 Pompeium
647 570 780 610 lectica
805 571 906 609 latus
932 582 1030 608 sum.
1072 569 1286 607 Lucceium

159 626 360 665 convenire
377 638 455 665 non
474 634 690 678 potueram,
715 625 819 677 quod
838 624 1024 663 abfuerat.
1053 623 1197 661 Videre
1217 636 1287 660 au-

157 687 240 718 tem
258 681 449 729 volebam,
477 680 582 733 quod
609 693 712 718 eram
738 679 919 731 postridie
947 678 1078 717 Roma
1098 677 1285 723 exiturus,

158 742 198 772 et
228 735 333 786 quod
354 735 419 773 ille
447 735 489 773 in
520 734 738 774 Sardiniam
763 734 835 772 iter
859 733 1036 772 habebat.
1071 731 1287 770 Hominem

157 790 334 838 conveni,
365 798 402 828 et
435 791 483 828 ab
517 802 561 828 eo
591 789 722 841 petivi,
762 795 807 826 ut
838 787 1129 840 quamprimum
1155 792 1193 824 te
1217 798 1288 824 no-

158 843 219 882 bis
238 843 420 883 redderet.
460 844 598 883 Statim
632 843 742 881 dixit.
781 842 878 881 Erat
903 849 1033 880 autem
1068 841 1192 879 iturus
1226 844 1289 882 (ut

160 897 304 945 aiebat)
333 911 366 937 a.
388 898 425 936 d.
452 898 522 937 III
543 898 604 936 Id.
624 898 726 950 Apr.
743 904 787 935 ut
812 904 879 935 aut
898 897 1076 935 Labrone
1095 902 1163 933 aut
1189 894 1288 932 Pisis

161 953 440 992 conscenderet.
468 952 549 1000 Tu,
576 952 632 991 mi
661 953 791 999 frater,
816 951 935 989 simul
961 963 1004 989 ac
1035 950 1102 988 ille
1125 948 1285 996 venerit,

159 1006 329 1058 primam
361 1007 644 1058 navigationem
669 1005 897 1050 (dummodo
922 1005 1058 1044 idonea
1083 1010 1290 1055 tempestas

161 1060 228 1112 sit)
249 1074 298 1100 ne
316 1061 500 1100 omiseris.

216 1123 459 1166 Αμφιλαφιαν
492 1123 622 1155 autem
655 1115 779 1163 illam,
812 1128 931 1168 quam
962 1121 1005 1152 tu
1030 1113 1125 1152 soles
1148 1111 1286 1159 dicere,

161 1171 264 1210 bono
293 1169 409 1209 modo
439 1170 624 1218 desidero,
656 1170 708 1209 sic
742 1183 910 1221 prorsus,
944 1177 988 1208 ut
1023 1167 1288 1206 advenientem

164 1225 353 1277 excipiam
371 1225 547 1273 libenter,
560 1226 744 1264 latentem
761 1225 875 1262 etiam
895 1237 999 1262 nunc
1017 1235 1094 1261 non
1112 1221 1289 1260 excitem.

165 1279 312 1318 Tribus
331 1279 422 1318 locis
435 1280 604 1325 aedifico3
626 1279 774 1331 reliqua
792 1278 1017 1317 reconcinno
1034 1291 1045 1323 3
1067 1277 1153 1315 vivo
1172 1276 1291 1327 paulo

162 1333 374 1381 liberalius,
395 1347 513 1386 quam
533 1335 714 1373 solebam.
746 1333 859 1385 Opus
879 1341 972 1379 erat,
989 1333 1020 1371 si
1040 1340 1075 1370 te
1093 1331 1290 1377 haberem,

162 1388 358 1440 paulisper
376 1388 492 1427 fabris
511 1389 639 1427 locum
659 1388 803 1426 darem.
827 1388 902 1427 Sed
923 1395 959 1426 et
973 1387 1055 1425 haec
1077 1387 1140 1439 (ut
1158 1382 1287 1437 spero)

159 1442 270 1482 brevi
287 1443 387 1481 inter
404 1456 473 1481 nos
493 1443 876 1482 communicabimus.

219 1497 299 1536 Res
318 1505 448 1536 autem
476 1499 667 1536 Romanae
691 1497 744 1536 sic
769 1510 849 1536 sese
872 1497 1028 1535 habent.
1059 1494 1205 1534 Consul
1233 1502 1289 1534 est

163 1551 339 1603 egregius
359 1552 565 1600 Lentulus,
594 1564 673 1590 non
689 1552 922 1604 impediente
941 1549 1111 1602 collega:
1143 1550 1209 1597 sic,
1230 1549 1290 1587 in-

163 1619 298 1658 quam,
318 1608 456 1654 bonus,
480 1614 525 1645 ut
542 1607 741 1645 meliorem
761 1619 838 1644 non
857 1605 1030 1644 viderim.
1070 1604 1166 1642 Dies
1186 1617 1290 1642 com-

163 1660 287 1700 itiales
320 1662 462 1699 exemit
494 1674 653 1700 omnes:
685 1674 777 1700 nam
809 1661 924 1699 etiam
957 1659 1110 1699 Latinae
1141 1658 1291 1697 instau-

164 1722 300 1754 rantur
317 1729 327 1753 :
358 1728 427 1754 nec
446 1724 576 1754 tamen
595 1716 751 1754 deerant
769 1715 1075 1768 supplicationes.
1116 1713 1179 1752 Sic
1196 1713 1293 1764 legi-

165 1771 240 1808 bus
257 1769 581 1821 perniciosissimis
597 1770 806 1818 obsistitur,
822 1769 993 1808 maxime
1014 1767 1172 1808 Catonis
1189 1781 1201 1813 ;
1232 1767 1295 1806 cui

168 1831 299 1863 tamen
318 1824 466 1877 egregie
491 1825 677 1877 imposuit
698 1825 800 1863 Milo
819 1832 957 1863 noster.
997 1824 1105 1862 Nam
1125 1822 1190 1860 ille
1209 1821 1294 1860 vin-

169 1879 244 1918 dex
261 1878 519 1931 gladiatorum
538 1886 575 1917 et
591 1880 859 1918 bestiariorum
878 1885 1022 1917 emerat
1040 1877 1088 1916 de
1108 1875 1295 1916 Cosconio

169 1940 207 1972 et
236 1934 454 1985 Pomponio
478 1933 705 1980 bestiarios;
742 1946 812 1972 nec
837 1933 920 1972 sine
946 1933 1007 1972 his
1036 1931 1193 1970 armatis
1221 1942 1296 1968 un-

170 2001 292 2040 quam
309 1989 350 2026 in
369 1988 524 2040 publico
543 1987 679 2027 fuerat.
707 1989 793 2027 Hos
809 1989 909 2027 alere
927 2000 1005 2026 non
1024 1993 1173 2038 poterat
1189 1999 1199 2022 ε
1225 1984 1297 2022 ita-

170 2055 249 2094 que
265 2043 332 2082 vix
351 2045 517 2082 tenebat.
549 2043 676 2082 Sensit
694 2043 822 2082 Milo:
846 2042 950 2081 dedit
969 2041 1123 2081 cuidam
1141 2051 1220 2078 non
1238 2039 1298 2076 fa-

172 2097 314 2136 miliari
344 2097 556 2150 negotium,
579 2097 647 2150 qui
678 2097 759 2136 sine
791 2097 1005 2149 suspicione
1037 2101 1179 2133 emeret
1212 2105 1298 2131 eam

170 2150 362 2191 familiam
388 2166 412 2191 a
434 2152 604 2191 Catone:
635 2165 723 2205 quae
755 2152 873 2191 simul
896 2159 1011 2203 atque
1036 2148 1201 2188 abducta
1227 2154 1296 2196 est,

169 2205 357 2253 Racilius,
378 2206 446 2259 qui
466 2220 567 2245 unus
587 2214 643 2246 est
668 2207 741 2246 hoc
760 2214 932 2259 tempore
955 2205 1132 2243 tribunus
1158 2201 1296 2254 plebis,

158 2269 248 2300 -rem
277 2261 469 2313 patefecit,
499 2275 640 2314 eosque
667 2260 841 2301 homines
867 2260 938 2300 sibi
959 2266 1078 2298 emtos
1098 2271 1176 2297 esse
1195 2255 1294 2295 dixit

898 2317 922 2352 ⁶2.
940 2325 970 2352 D
995 2316 1020 2351 3
