1498 2401
198 115 276 154 198
386 111 470 152 AD
495 109 783 155 ATTICUM.
816 109 912 149 Lm.
933 108 1053 150 XIV.
1085 106 1149 157 17'.

196 222 247 261 ad
276 223 415 262 coelum
439 223 675 270 extulerunt,
699 219 798 259 mihi
823 219 1005 259 continuo
1031 220 1224 260 maximas
1243 231 1332 273 gra-

199 277 272 316 tias
291 284 418 328 agant.
450 277 609 328 Negant
629 275 733 315 enim
760 288 799 313 se
817 274 1007 322 dubitare,
1031 274 1128 326 quin
1151 282 1210 323 tu,
1233 276 1332 315 meis

195 331 399 383 praeceptis
419 338 456 370 et
475 330 642 370 consiliis
666 332 949 381 obtemperans,
975 328 1335 380 praestantissimum

197 393 235 424 te
260 386 382 424 civem
410 393 448 424 et
476 386 712 438 singularem
739 383 935 422 consulem
958 385 1141 435 praebeas.
1181 383 1338 433 Quibus

199 453 270 491 ego
301 453 541 492 quamquam
573 439 768 478 verissime
792 450 951 489 possum
973 438 1214 489 respondere,
1248 451 1338 491 quae

199 493 332 543 facias,
349 502 418 533 tuo
429 494 574 544 judicio
589 502 626 533 et
638 494 706 532 tua
722 499 857 544 sponte
871 491 1009 540 facere,
1025 504 1096 531 nec
1107 493 1340 545 cujusquam

198 561 309 600 <g2re
328 549 511 595 consili03
543 556 673 586 tamen
693 559 818 598 neque
837 546 952 598 plane
971 546 1168 593 assentior,
1189 559 1238 586 ne
1261 546 1337 585 im-

198 604 377 641 minuam
397 610 506 641 tuam
524 602 697 649 laudem,
719 602 750 639 si
769 601 895 639 omnis
911 614 934 639 a
948 601 1045 640 meis
1064 601 1230 640 consiliis
1248 614 1338 653 pro-

198 656 298 696 fecta
311 657 486 696 videatur
502 671 514 703 ς
545 669 671 709 neque
683 655 795 694 valde
814 667 937 706 nego:
969 668 1057 693 sum
1072 655 1174 694 enim
1188 655 1335 695 avidior

196 711 327 760 etiam,
349 725 468 764 quam
484 711 574 750 satis
594 719 662 757 est,
684 709 827 761 gloriae.
859 709 914 748 Et
927 717 1057 748 tamen
1072 722 1150 748 non
1161 710 1333 749 alienum

197 773 253 804 est
268 766 455 817 dignitate
475 767 558 814 tua,
580 764 686 817 quod
711 763 785 815 ipsi
801 763 1101 815 Agamemnoni,
1117 776 1255 815 regum
1273 777 1333 803 re-

197 819 251 871 gi,
272 820 347 859 fuit
366 820 588 868 honestum,
613 820 755 857 habere
781 819 952 870 aliquem
974 817 1016 855 in
1044 818 1210 857 consiliis
1228 819 1333 871 capi·-

201 874 307 912 endis
339 875 556 912 Nestorem.
597 872 703 910 Mihi
723 885 810 911 vero
836 871 1061 923 gloriosum,
1089 881 1127 911 te
1147 874 1332 923 juvenem

199 929 396 967 consulem
416 928 550 966 florere
568 927 764 975 laudibus,
778 926 889 980 quasi
904 926 1108 965 alumnum
1120 927 1331 980 disciplinae

202 995 311 1021 meae.

255 1040 284 1059 “
312 1036 458 1075 Lucius
485 1035 643 1088 quidem
667 1036 809 1085 Caesar,
841 1049 932 1076 cum
956 1036 1006 1075 ad
1031 1049 1122 1075 eum
1143 1044 1331 1089 aegrotum

202 1091 412 1143 Neapolim
424 1091 627 1139 venissem,
642 1104 883 1144 quamquam
900 1099 981 1129 erat
999 1104 1203 1144 oppressus
1216 1092 1335 1132 totius

199 1145 366 1197 corporis
385 1145 595 1193 doloribus,
612 1154 756 1194 tamen,
770 1154 859 1184 ante
876 1158 995 1198 quam
1015 1158 1080 1184 me
1097 1146 1212 1198 plane
1231 1147 1334 1186 salu-

203 1200 312 1248 tavit,
331 1203 360 1222 “
376 1199 415 1239 Ο
434 1200 490 1238 mi
504 1197 639 1239 Cicero
652 1201 692 1238 !'’
712 1200 866 1252 inquit;
898 1203 926 1223 “
946 1200 1120 1252 gratulor
1137 1200 1222 1250 tibi,
1242 1213 1333 1240 cum

203 1262 358 1294 tantum
369 1255 472 1293 vales
487 1254 593 1306 apud
605 1254 868 1303 Dolabellam,
884 1262 1076 1307 quantum
1095 1254 1128 1293 si
1145 1267 1217 1307 ego
1228 1255 1334 1308 apud

201 1309 342 1348 sororis
361 1309 488 1347 filium
500 1309 682 1356 valerem,
695 1310 779 1359 jam
793 1309 889 1348 salvi
908 1322 988 1348 esse
1005 1321 1216 1361 possemus.
1246 1311 1335 1350 Do-

198 1364 349 1402 labellae
367 1376 456 1402 vero
481 1370 549 1401 tuo
578 1371 615 1402 et
643 1364 830 1415 gratulor,
856 1371 894 1402 et
917 1363 1059 1415 gratias
1083 1376 1181 1415 ago:
1212 1378 1331 1417 quem

200 1418 374 1470 quidem,
393 1424 482 1470 post
504 1424 542 1456 te
569 1418 781 1466 consulem,
808 1418 935 1457 solum
956 1430 1116 1470 possum
1134 1431 1222 1458 vere
1240 1432 1331 1459 oon.

200 1473 325 1511 sulem
352 1472 516 1511 dicere.”
555 1472 659 1511 Dein
679 1472 804 1511 multa
822 1473 870 1511 de
887 1472 988 1511 facto
1007 1485 1051 1511 ac
1069 1472 1117 1511 de
1133 1486 1175 1512 re
1191 1474 1301 1526 gesta
1315 1490 1328 1515 z

199 1534 286 1564 tum
305 1527 403 1564 nihil
420 1527 743 1579 magnificentius,
759 1527 857 1565 nihil
870 1526 1090 1579 praeclarius
1107 1535 1238 1568 actum
1256 1541 1332 1569 un.

201 1594 336 1632 quam,
368 1581 466 1619 nihil
494 1581 715 1634 reipublicae
737 1581 966 1620 salutarius:
1002 1589 1120 1635 atque
1147 1582 1232 1624 haec
1251 1596 1332 1627 una

201 1648 278 1674 vox
293 1638 471 1674 omnium
490 1643 559 1675 est.

256 1692 285 1712 “
295 1691 334 1728 A
348 1697 385 1728 te
400 1698 530 1729 autem
541 1698 645 1743 peto,
659 1692 718 1730 uti
736 1704 800 1730 me
813 1690 913 1731 hanc
925 1691 1036 1744 quasi
1052 1691 1191 1732 falsam
1209 1693 1331 1734 haere-

201 1743 363 1782 ditatem
393 1745 528 1783 alienae
554 1745 685 1797 gloriae
710 1746 811 1785 sinas
840 1759 1004 1794 cernere,
1035 1759 1176 1799 meque
1200 1749 1334 1802 aliqua

202 1811 251 1837 ex
269 1806 379 1850 parte
396 1799 437 1837 in
453 1799 668 1838 societatem
684 1808 838 1839 tuarum
852 1801 1015 1839 laudum
1028 1801 1156 1840 venire
1172 1803 1331 1855 patiare.

210 1852 481 1905 Quamquam,
506 1854 562 1892 mi
581 1854 801 1904 Dolabella,
823 1855 922 1898 (haee
941 1855 1045 1894 enim
1060 1856 1210 1906 jooetus
1228 1858 1337 1910 sum)

205 1907 389 1946 libentius
406 1920 540 1947 omnes
550 1921 669 1958 meas,
687 1909 718 1948 si
729 1909 846 1948 modo
860 1917 951 1948 sunt
968 1910 1110 1962 aliquae
1127 1924 1238 1962 meae,
1251 1913 1338 1953 lau-

201 1961 269 2000 des
288 1961 338 2000 ad
357 1970 394 2000 te
407 1962 694 2012 transfuderim,
709 1976 831 2016 quam
843 1964 1015 2016 aliquam
1028 1972 1179 2016 partem
1190 1966 1339 2007 exhau-

203 2015 320 2054 serim
335 2029 383 2055 ex
401 2016 491 2055 tuis.
521 2017 644 2066 Nam,
674 2031 765 2056 cum
792 2027 830 2057 te
848 2031 999 2071 semper
1021 2026 1173 2058 tantum
1191 2020 1338 2062 dilexe-

203 2070 295 2118 rim,
327 2078 519 2122 quantum
546 2079 590 2110 tu
612 2071 825 2124 inteUigere
853 2073 1038 2124 potuisti3
1068 2080 1155 2112 tum
1178 2074 1240 2114 his
1258 2077 1337 2118 tuis

203 2123 314 2163 factis
350 2125 404 2164 sic
431 2125 609 2164 incensus
634 2139 736 2174 sum,
756 2134 802 2164 ut
828 2127 927 2166 nihil
945 2139 1120 2180 unquam
1145 2128 1186 2167 in
1205 2141 1337 2173 amore

208 2178 327 2217 fuerit
345 2179 552 2219 ardentius.
584 2181 695 2220 Nihil
715 2189 771 2219 est
790 2182 893 2220 enim
915 2181 1031 2234 (mihi
1050 2181 1179 2234 crede)
1200 2184 1340 2227 virtute

210 2232 429 2283 formosius,
450 2234 547 2273 nihil
574 2235 785 2287 pulchriuS,
807 2236 904 2275 nihil
924 2236 1140 2278 amabilius.
1179 2240 1339 2294 Semper
