1498 2401
400 51 485 90 AD
514 51 568 100 Q.
597 48 902 90 FRATREM.
933 47 1030 89 nm.
1060 49 1096 88 1.
1129 50 1166 89 1.
1261 51 1339 90 281

210 160 327 200 tiores
350 160 472 199 animi
497 160 782 208 concitationes,
805 158 916 198 nulla
939 157 1159 209 maledicta,
1182 160 1233 199 ad
1257 171 1344 209 nos,

210 215 330 254 nullae
347 215 607 264 contumeliae,
627 214 902 266 perferuntur:
924 226 1012 265 quae
1030 226 1121 252 cum
1139 215 1347 253 abhorrent

213 283 237 309 a
255 269 388 319 literis,
408 271 457 308 ab
468 268 726 317 humanitate,
747 274 833 306 tum
852 280 940 306 vero
959 269 1148 307 contraria
1167 268 1344 307 suntim-

212 324 320 377 perio
349 337 394 363 ac
412 323 605 376 dignitati.
636 324 760 372 Nam,
793 322 827 360 si
851 321 1113 383 implacabiles
1137 323 1346 363 iracundiae

213 378 306 427 sint,
337 391 493 417 summa
521 386 579 417 est
607 377 823 423 aoerbitas3
860 376 919 415 sin
953 384 1085 415 autem
1118 378 1345 426 exorabiles,

215 446 371 472 summa
388 434 552 481 levitas;
583 446 671 486 quae
691 440 821 471 tamen
843 434 905 475 (ut
929 431 971 468 in
992 431 1123 481 malis)
1150 432 1347 472 acerbitati

211 488 480 539 anteponenda
499 495 567 527 est.

202 568 206 573 ·
269 542 389 581 XIV.
419 542 510 592 Sed,
532 542 720 595 quoniam
737 541 888 594 primus
906 551 1033 578 annus
1051 540 1190 580 habuit
1208 542 1256 580 de
1274 542 1347 581 hac

215 597 509 659 reprehensione
528 598 746 650 plurimum
772 595 972 644 sermonis,
1001 595 1113 634 credo
1132 605 1346 648 propterea,

216 651 324 704 quod
355 651 427 690 tibi
456 652 664 690 hominum
689 651 857 702 injuriae,
890 650 996 702 quod
1026 651 1210 699 avaritiae,
1242 651 1348 703 quod

212 705 418 745 insolentia
446 713 584 759 praeter
610 707 833 759 opinionem
863 705 1072 754 aoeidebat,
1104 713 1141 744 et
1171 706 1351 745 intolera-

204 760 304 799 -bilis
322 761 553 808 videbatur,
541 776 552 785 ·
583 761 773 800 secundus
792 768 924 800 autem
943 760 1070 798 multo
1088 759 1224 806 lenior,
1245 760 1351 812 quod

217 822 256 853 et
267 816 518 865 consuetudo,
539 823 578 855 et
591 815 702 864 ratio,
720 823 758 855 et
777 819 839 860 (ut
857 828 928 867 ego
942 814 1121 863 arbitror)
1141 827 1238 853 meae
1253 828 1350 866 quo-

216 883 295 922 que
318 870 453 920 literae,
481 879 520 910 te
556 871 826 923 patientiorem
852 869 1115 921 lenioremque
1145 869 1346 916 fecerunt3

202 924 351 963 tertius
369 937 495 964 annus
520 925 576 964 ita
598 939 677 965 esse
696 925 809 964 debet
831 923 1072 985 emendatus,
1097 931 1142 961 ut
1160 936 1209 962 ne
1233 923 1349 962 mini-

217 991 326 1017 mam
345 980 506 1032 quidem
531 993 614 1018 rem
633 980 842 1032 quisquam
864 978 984 1031 possit
1000 978 1124 1016 ullam
1144 978 1349 1030 reprehen-

217 1033 320 1072 dere.
350 1035 414 1073 Ac
435 1036 520 1085 jam
538 1035 612 1074 hoc
636 1036 734 1083 loco,
755 1046 833 1073 non
852 1033 1083 1080 hortatione,
1103 1045 1231 1084 neque
1251 1046 1352 1085 prae-

219 1088 353 1140 ceptis,
374 1089 442 1127 sed
470 1089 648 1141 precibus
668 1097 797 1128 tecum
815 1088 1007 1136 fraternis,
1028 1100 1101 1139 ago
1117 1101 1134 1133 3>
1160 1095 1288 1126 totum
1306 1095 1352 1127 ut

216 1143 410 1193 animum,
431 1156 578 1191 curam,
595 1144 944 1196 cogitationemque
958 1149 1068 1181 tuam
1081 1154 1203 1194 ponas
1213 1142 1254 1181 in
1266 1155 1350 1182 ome

206 1197 329 1236 nium
346 1198 464 1237 laude
480 1198 654 1250 undique
671 1198 899 1250 colligenda.

272 1252 394 1300 Quod
426 1253 459 1292 si
486 1252 528 1291 in
553 1253 737 1292 mediocri
758 1260 860 1292 statu
886 1251 1071 1291 sermonis
1095 1265 1140 1291 ac
1167 1251 1351 1303 praedica-

208 1306 335 1345 -tionis
353 1315 493 1346 nostrae
517 1321 577 1346 res
596 1315 733 1357 essent,
763 1308 863 1346 nihil
882 1308 951 1346 abs
973 1314 1010 1344 te
1028 1306 1232 1356 eximium,
1252 1307 1352 1346 nihil

206 1369 359 1414 -praeter
376 1362 543 1400 aliorum
569 1362 901 1411 consuetudinem,
929 1361 1199 1413 postularetur.
1230 1362 1351 1401 Nunc

220 1429 325 1466 vero,
345 1424 501 1469 propter
520 1430 653 1456 earum
667 1430 812 1464 rerum,
828 1416 870 1455 in
889 1417 1032 1469 quibus
1047 1415 1185 1455 versati
1200 1429 1349 1465 sumus,

219 1471 464 1524 splendorem
483 1478 521 1510 et
540 1472 866 1524 magnitudinem,
882 1471 958 1510 nisi
976 1483 1172 1509 summam
1190 1471 1350 1509 laudem

220 1539 269 1564 ex
287 1525 362 1564 ista
380 1525 576 1578 provincia
593 1526 848 1579 assequimur,
869 1526 937 1565 vix
955 1524 1134 1564 videmur
1152 1538 1350 1564 summam

218 1579 540 1632 vituperationem
566 1594 679 1633 posse
708 1581 840 1620 vitare.
869 1581 932 1619 Ea
951 1588 1081 1619 nostra
1097 1580 1196 1618 ratio
1215 1588 1286 1629 est,
1307 1588 1352 1618 ut

217 1644 353 1673 omnes
372 1635 465 1674 boni
483 1649 573 1675 cum
592 1636 760 1684 faveant,
780 1644 868 1674 tum
887 1636 1004 1674 etiam
1022 1648 1046 1672 a
1063 1635 1175 1673 nobis
1193 1647 1350 1674 omnem

218 1688 461 1741 diligentiam
479 1691 741 1743 virtutemque
766 1698 807 1730 et
820 1691 1020 1743 postulent
1041 1696 1080 1727 et
1099 1697 1347 1741 exspectent;

217 1757 353 1783 omnes
372 1752 502 1783 autem
530 1745 698 1797 improbi
725 1745 850 1797 (quod
869 1758 960 1784 cum
986 1744 1033 1782 iis
1050 1744 1201 1783 benum
1226 1758 1352 1783 susce-

215 1799 349 1850 pimus
367 1798 665 1851 sempiternum)
681 1801 743 1839 vel
760 1799 925 1838 minima
942 1813 983 1839 re
1001 1798 1052 1838 ad
1069 1798 1350 1851 reprehenden-

217 1853 316 1892 dum
335 1854 504 1893 contenti
522 1867 601 1893 esse
619 1854 834 1894 videantur.

208 1931 213 1934 -
274 1908 423 1957 Quare,
463 1909 650 1961 quoniam
685 1910 876 1960 ejusmodi
911 1909 1106 1948 theatrum
1145 1916 1201 1948 est
1235 1909 1353 1948 totius

222 1963 342 2012 Asiae,
377 1964 597 2003 celebritate
625 1964 933 2013 refertissimum,
967 1963 1239 2015 magnitudine
1268 1977 1353 2002 am-

221 2018 458 2070 plissimum,
482 2018 629 2068 judicio
651 2019 970 2066 eruditissimum,
990 2018 1130 2058 natura
1148 2027 1278 2057 autem
1298 2018 1353 2057 ita

205 2085 417 2121 -roeonans‚
440 2081 486 2112 ut
504 2087 628 2126 usque
645 2074 819 2113 Romam
848 2074 1146 2127 significationes
1164 2086 1351 2126 vocesque

219 2127 460 2176 referantur3
491 2128 692 2179 contende,
724 2142 871 2182 quaeso,
910 2136 1029 2180 atque
1065 2128 1234 2178 elabora,
1272 2140 1350 2168 non

956 2185 981 2221 2
1001 2194 1029 2222 Β
1049 2183 1076 2220 3
