1513 2370
370 65 450 104 AD
480 63 762 105 ATTICUM.
794 62 892 100 Lm.
915 62 1016 101 XII.
1047 64 1112 102 20.
1227 64 1303 102 113

226 174 290 214 De
305 174 463 214 Cocceio
475 180 512 212 et
524 173 674 212 Libone
689 184 776 223 quae
791 170 937 218 scribis,
952 173 1150 233 approbo,
1139 184 1148 195 ·
1171 172 1299 210 maxi-

176 242 252 276 me,
272 228 377 281 quod
394 228 442 267 de
457 227 632 278 judicatu
650 238 748 264 meo.
778 224 842 264 De
866 237 1024 276 sponsu,
1045 225 1078 263 si
1095 225 1190 277 quid
1211 238 1298 277 per-

173 283 368 335 spexeris.
399 289 437 321 et
455 290 600 328 tamen,
619 280 714 333 quid
738 286 999 345 procuratores
1019 279 1214 318 Cornificii
1239 279 1298 317 (11-

172 344 274 386 cant,
294 336 410 376 velim
429 337 550 382 scire3
579 335 633 374 ita
658 342 716 383 ut,
736 334 778 372 in
797 347 843 372 ea
866 346 921 382 re,
942 341 979 371 te
999 336 1106 377 (cum
1132 341 1214 372 tam
1232 347 1296 372 oc-

172 398 334 443 cupatus
353 390 421 440 sis)
443 403 522 429 non
541 390 711 428 multum
730 401 854 440 operae
871 387 989 426 velim
1007 400 1158 439 ponere.

226 445 289 483 De
318 444 492 483 Antonio
522 457 676 496 quoque
705 443 855 481 Balbus
881 442 929 480 ad
958 455 1021 480 me
1044 455 1134 480 curn
1165 441 1298 494 Oppio

172 499 419 561 conscripsit3
463 499 580 550 idque
613 498 683 536 tibi
715 496 915 548 placuisse,
954 509 1001 534 ne
1038 509 1085 546 pe
1088 498 1292 535 hturbarer

172 553 258 592 Illis
273 554 370 604 egi„
347 553 498 591 oratias.
528 552 589 591 Te
604 560 733 590 tamen
755 551 842 602 (ut
828 564 909 599 jam
926 559 1046 588 ante‘³
1053 551 1075 586 1
1093 559 1129 588 te
1144 549 1293 602 scripsi)

171 608 266 646 scire
293 608 393 655 volo,
413 620 477 646 me
504 619 630 658 neque
651 606 723 644 isto
741 604 878 643 nuntio
903 617 981 643 esse
1009 606 1294 656 perturbatum,

171 674 240 701 nec
269 662 353 711 jam
382 661 464 699 ullo
495 663 765 713 perturbatum
794 658 854 696 iri.
885 659 1013 696 Pansa
1039 658 1070 696 si
1094 658 1221 705 hodie,
1252 666 1296 697 ut

173 717 351 768 putabas,
370 715 562 767 profectus
581 722 652 762 est,
676 713 864 765 posthac
849 726 933 762 Jam
952 712 1109 764 incipito
1135 713 1296 751 scribere

172 770 223 808 ad
253 782 331 818 me,
361 770 409 808 de
439 769 557 807 Bruti
588 769 754 807 adventu
785 767 881 819 quid
913 774 1122 819 exspectes,
1152 767 1193 805 id
1223 775 1293 815 est,

170 837 267 877 quos
285 824 336 862 ad
353 823 461 862 dies:
490 823 546 872 id,
577 823 610 860 si
628 822 720 862 scies
737 821 807 860 ubi
824 822 911 871 jam
929 821 992 870 sit,
1019 821 1130 860 facile
1148 821 1296 871 conjec-

171 878 259 917 tura
277 890 490 929 assequere.

225 931 345 980 Quod
367 932 416 970 ad
434 931 621 969 Tironem
640 930 689 968 de
703 930 885 969 Terentia
904 929 1048 978 scribis,
1069 931 1222 968 obsecro
1240 937 1293 977 te,

170 986 228 1026 1111
260 986 401 1033 Attice,
429 985 576 1036 suscipe
607 992 733 1022 totum
758 984 969 1045 negotium.
998 983 1119 1023 Vides
1148 992 1185 1022 et
1212 983 1296 1022 offi-

169 1042 274 1081 cium
293 1041 356 1091 agi
374 1052 508 1078 meum
527 1038 736 1090 quoddam,
758 1038 820 1077 cui
845 1045 888 1076 tu
908 1051 946 1076 es
972 1038 1156 1085 conscius,
1178 1048 1230 1085 et,
1249 1045 1296 1075 ut

169 1094 348 1134 nonnulli
366 1102 519 1146 putant,
536 1093 728 1132 Ciceronis
745 1106 839 1130 rem.
870 1092 942 1130 Me
961 1092 1120 1143 quidem
1134 1091 1174 1130 id
1192 1091 1296 1130 mul-

171 1158 211 1188 to
229 1148 353 1200 magis
372 1161 462 1187 mov
464 1155 514 1194 et,
537 1147 642 1199 quod
669 1146 768 1184 mihi
794 1153 849 1185 est
871 1154 909 1184 et
938 1146 1105 1184 sanctius
1131 1154 1169 1185 et
1195 1145 1295 1184 anti-

171 1203 315 1256 quius3
345 1202 557 1254 praesertim
577 1214 666 1239 cum
684 1201 757 1239 hoc
775 1200 940 1239 alterum
958 1213 1084 1253 neque
1103 1201 1294 1240 sincerum

171 1269 296 1310 neque
314 1256 472 1296 firmum
491 1263 626 1308 putem
643 1255 736 1294 fore.

387 1417 504 1472 (20.)
534 1417 748 1458 CICERO
776 1415 1000 1456 ATTICO
1027 1417 1069 1456 S.

222 1528 412 1568 Nondum
430 1527 569 1567 videris
597 1526 821 1579 perspicere,
848 1538 968 1578 quam
985 1538 1050 1565 me
1076 1539 1146 1566 nec
1164 1525 1294 1565 Anto-

169 1584 258 1623 nius
277 1583 538 1630 commoverit,
568 1595 638 1620 nec
657 1581 872 1633 quidquam
893 1582 978 1631 jam
997 1581 1186 1643 ejusmodi
1204 1594 1294 1642 pos-

169 1640 218 1678 sit
236 1650 486 1677 commovete.
516 1636 581 1674 De
598 1635 783 1674 Terentia
801 1642 932 1674 autem
951 1635 1084 1686 scripsi
1110 1635 1160 1674 ad
1185 1642 1222 1674 te
1245 1634 1293 1674 iis

167 1693 301 1740 literis,
318 1705 414 1754 quas
429 1691 608 1730 dederam
620 1690 757 1742 pridie.
779 1689 897 1738 Quod
910 1702 974 1727 me
988 1689 1163 1739 hortaris,
1177 1689 1294 1741 idque

168 1761 195 1787 a
218 1747 361 1786 caeteris
380 1745 585 1785 desiderari
612 1744 758 1793 scribis,
781 1752 826 1782 ut
856 1743 1096 1782 dissimulem
1120 1757 1185 1783 me
1210 1752 1294 1782 tam

169 1801 334 1863 graviter
349 1801 498 1845 dolere3
529 1811 734 1851 possumne
749 1798 887 1850 magis,
908 1798 976 1849 qui
990 1806 1088 1837 totos
1108 1799 1188 1837 dies
1203 1811 1295 1837 con—

170 1869 282 1895 sumo
300 1856 342 1893 in
371 1854 521 1893 literis?
551 1853 671 1902 Quod
689 1853 758 1892 etsi
777 1866 855 1891 non
880 1852 1207 1901 dissimulationis,
1229 1853 1294 1892 sed

170 1910 299 1963 potius
327 1907 495 1948 leniendi
523 1916 561 1946 et
589 1907 750 1947 sanandi
778 1907 911 1955 31111111,
943 1919 1059 1945 causa
1079 1907 1204 1953 faci03
1236 1915 1294 1946 ta-

171 1977 277 2013 men,
297 1964 330 2003 si
356 1963 455 2002 mihi
474 1962 602 2002 minus
619 1961 790 2014 proficio,
818 1961 1055 2000 simulationi
1080 1969 1178 2001 certe
1196 1961 1294 2001 facio

173 2019 277 2057 satis.

226 2072 365 2111 Minus
382 2072 508 2110 multa
525 2071 575 2110 ad
592 2078 631 2110 te
648 2071 793 2123 scripsi,
808 2070 912 2123 quod
931 2072 1197 2123 exspectabam
1210 2077 1297 2109 tuas

173 2127 304 2167 literas
322 2125 372 2164 ad
391 2139 468 2176 eas,
487 2139 584 2188 quas
602 2125 654 2165 ad
670 2135 708 2164 te
723 2126 847 2178 pridie
865 2125 1057 2164 dederam.
1086 2125 1298 2176 Exspecta-

172 2184 263 2222 bam
283 2188 413 2221 autem
439 2181 609 2221 maxime
628 2180 675 2220 de
693 2180 798 2231 fano,
823 2179 998 2220 nonnihil
1007 2179 1134 2270 {etiam
1153 2178 1200 2218 de
1221 2179 1298 2218 Te-

961 2245 986 2271 1
