1513 2370
182 82 257 120 116
367 80 450 119 AD
474 79 757 119 ATTICUM.
786 78 886 117 Lm.
906 78 1008 117 XII.
1037 79 1102 117 23.

175 189 279 229 enim
297 202 321 227 a
338 195 377 227 te
393 189 495 240 plus,
515 201 634 241 quam
663 195 785 239 poteS,
805 187 981 239 postulo:
1010 192 1117 238 potes
1145 191 1292 235 autem,

172 243 269 295 quid
288 242 367 282 veri
385 243 447 290 sit,
467 242 674 294 perspicere
692 249 735 280 tu
749 253 864 279 unus.

226 297 291 335 De
318 296 484 345 Rutilia,
505 297 687 349 quoniam
712 294 850 334 videris
878 294 1068 344 dubitare,
1087 293 1225 332 scribes
1241 292 1292 332 ad

173 364 252 400 me,
274 364 364 390 cum
382 351 499 397 scies3
531 351 597 390 sed
616 349 918 402 quamprimum,
949 362 1046 387 num
1065 347 1215 394 Clodia,
1235 346 1291 385 D.

171 405 297 444 Bruto
324 405 526 453 consulari,
560 405 639 443 filio
668 417 751 450 suo,
777 411 943 451 mortuo,
971 402 1119 441 vixerit.
1164 401 1214 440 Id
1243 400 1292 440 de

172 459 374 506 Marcello,
395 468 463 497 aut
482 467 579 497 certe
596 459 643 496 de
664 457 878 505 Postumia,
904 457 988 495 sciri
1016 463 1162 508 potest:
1192 454 1293 493 illud

172 522 302 551 autem
314 513 361 551 de
373 513 435 551 M.
453 513 581 560 Cotta,
602 519 669 551 aut
687 512 734 550 de
750 513 859 563 Syro,
881 519 948 549 aut
965 511 1013 549 de
1032 511 1180 561 Satyro.

224 567 288 606 De
315 567 448 615 hortis,
469 568 585 606 etiam
612 574 727 618 atque
752 566 867 603 etiam
886 573 923 603 te
949 578 1053 615 rogo.
1094 562 1291 603 Omnibus

170 621 281 669 meis,
299 634 508 672 eorumque
526 634 621 673 quos
641 621 716 659 scio
735 619 832 658 mihi
843 631 919 657 non
938 618 1150 664 defuturos,
1170 616 1292 655 facul-

170 675 328 723 tatibus,
346 675 431 727 (sed
450 683 580 726 potero
597 673 712 723 meis)
734 672 958 712 enitendum
976 672 1076 710 mihi
1093 679 1160 710 est.
1190 671 1292 710 Sunt

170 729 300 776 etiam,
316 743 404 781 quae
422 729 583 768 vendere
601 728 711 766 facile
729 727 884 779 possim.
914 726 1004 774 Sed,
1031 733 1075 764 ut
1092 738 1170 764 non
1199 737 1292 763 ven-

170 783 275 831 dam,
297 783 408 835 eique
430 796 587 820 usuram
605 781 787 833 pendam,
808 794 831 818 a
850 793 927 831 quo
946 792 1088 828 emero,
1107 792 1184 817 non
1202 778 1292 829 plus

170 849 332 885 annum,
367 849 526 887 possum
548 835 699 887 assequi
722 834 826 886 quod
844 835 943 880 volo,
964 834 998 871 si
1024 841 1068 872 tu
1097 845 1163 871 me
1179 832 1294 882 adju-

169 904 247 928 vas.
284 891 522 928 Paratissimi
552 897 642 928 sunt
671 888 818 927 Drusi:
849 888 955 939 cupit
980 887 1084 926 enim
1119 885 1289 925 vendere.

169 944 375 982 Proximos
407 951 502 995 puto
532 943 706 982 Lamiae:
738 942 803 980 sed
835 943 951 979 abest.
995 941 1062 980 Tu
1092 948 1237 988 tamen,
1257 939 1292 978 si

168 998 263 1050 quid
290 1005 412 1049 potes,
443 997 609 1036 odorare.
654 996 718 1034 Ne
743 995 859 1034 Silius
885 994 1042 1047 quidem
1076 993 1291 1046 quidquam

167 1052 303 1100 utitur,
336 1058 374 1090 et
402 1051 434 1089 is
464 1051 590 1089 usuris
623 1049 803 1089 faeiflime
839 1048 1127 1087 sustentabitur.
1175 1048 1291 1086 Habe

167 1114 281 1144 tuum
299 1105 523 1156 negotium3
554 1118 636 1153 nec,
654 1104 749 1156 quid
759 1117 816 1142 res
835 1116 922 1142 mea
939 1102 1141 1141 familiaris
1157 1108 1291 1154 postu-

168 1160 234 1207 let,
256 1172 376 1212 quam
401 1172 470 1210 ego
497 1172 574 1198 non
602 1171 707 1208 curo,
727 1157 792 1197 sed
810 1157 905 1209 quid
923 1157 1054 1205 velim,
1075 1163 1112 1196 et
1134 1169 1203 1196 cur
1226 1168 1292 1196 ve-

172 1214 257 1263 lim,
277 1213 466 1253 existima.

386 1372 504 1426 (23‚)
535 1371 747 1412 CICERO
775 1370 998 1410 ATTICO
1028 1371 1068 1410 s.

224 1482 415 1520 Putaram
433 1489 472 1521 te
500 1481 648 1533 aliquid
679 1480 794 1526 novi;
821 1480 925 1532 quod
954 1478 1144 1529 eJusmodi
1164 1478 1291 1517 fuerat

168 1536 323 1574 initium
335 1537 532 1575 literarum
545 1550 557 1582 ;
573 1535 750 1588 quamvis
761 1547 838 1573 non
849 1546 1022 1573 curarem
1041 1533 1136 1585 quid
1146 1533 1187 1571 in
1195 1532 1291 1570 His-

169 1590 286 1642 pania
323 1590 442 1635 fieret,
482 1597 611 1629 tamen
646 1597 684 1629 te
721 1589 976 1641 scripturum:
1014 1587 1080 1626 sed
1115 1586 1292 1626 videlicet

168 1644 264 1683 meis
289 1644 408 1682 literis
427 1644 667 1696 respondisti,
687 1650 733 1681 ut
752 1643 800 1681 de
818 1642 900 1680 foro
928 1648 966 1686 et
992 1641 1040 1680 de
1058 1641 1175 1680 curia.
1215 1639 1292 1679 Sed

169 1698 307 1736 domus
327 1706 395 1744 est,
415 1705 460 1736 ut
479 1698 547 1746 ais,
568 1698 707 1735 forum.
737 1696 846 1745 Quid
856 1695 939 1747 ipsa
953 1695 1068 1734 domo
1086 1694 1293 1746 mihiopus

168 1759 239 1800 est,
260 1752 400 1790 carenti
418 1751 531 1790 foro?
564 1751 800 1800 Oecidimus,
819 1750 1040 1799 occidimus,
1054 1749 1198 1797 Attice,
1208 1749 1292 1798 jam

168 1806 318 1858 pridem
337 1818 406 1844 nos
425 1805 607 1857 quidem3
630 1806 695 1844 sed
716 1818 820 1844 nunc
837 1804 1018 1852 fatemur,
1039 1811 1290 1855 posteaquam

168 1873 307 1908 unum,
321 1872 399 1911 quo
413 1861 652 1907 tenebamur,
673 1859 884 1898 amisimus.
911 1859 1051 1909 Itaque
1069 1856 1291 1895 solitudines

170 1927 308 1966 sequor
323 1929 334 1952 z
367 1922 404 1952 et
421 1921 564 1961 tamen,
582 1914 613 1952 si
632 1927 710 1965 qua
727 1927 791 1952 me
808 1926 867 1951 res
884 1912 957 1951 isto
975 1910 1191 1958 adduxerit,
1211 1910 1293 1949 eni-

171 1977 243 2016 tar,
264 1968 296 2006 si
321 1981 399 2020 quo
416 1968 532 2006 modo
550 1975 696 2019 potero,
717 1971 865 2019 (potero
894 1973 1041 2014 autem)
1066 1972 1125 2013 ut,
1154 1971 1293 2016 praeter

171 2030 223 2069 te,
243 2035 358 2061 nemo
373 2021 542 2061 dolorem
560 2035 692 2061 meum
711 2022 873 2067 sentiat;
903 2021 935 2059 si
950 2021 1031 2059 ullo
1052 2018 1168 2058 modo
1185 2025 1294 2070 pote-

170 2076 234 2123 rit,
255 2088 304 2115 ne
322 2083 365 2115 tu
380 2076 549 2128 quidem.
578 2077 708 2128 Atque
725 2076 842 2115 etiam
854 2075 922 2114 ina
933 2087 1046 2114 causa
1059 2081 1116 2114 est
1132 2085 1210 2112 non
1229 2084 1294 2112 ve-

171 2130 315 2170 niendi.
357 2130 588 2181 Meministi,
615 2131 710 2183 quid
740 2144 788 2171 ex
813 2139 852 2170 te
879 2128 1045 2170 Atedius
1074 2125 1290 2180 quaesierit:
