1498 2401
397 496 466 544 M.
501 493 730 543 TULLII
772 493 1130 544 CICERONIS

473 632 1045 686 EPISTOLARUM

411 773 495 812 AD
524 773 806 823 QUINTUM
836 773 1126 813 FRATREM

651 889 807 930 LIBER
836 891 897 930 II.

670 1027 865 1060 ..0,-

391 1167 477 1215 (1.)
505 1165 745 1208 MARCUS
774 1167 826 1216 Q.
855 1166 1076 1208 FRATRI
1105 1169 1148 1208 S.

267 1274 590 1326 (Argumentum.
605 1301 660 1309 —-
675 1276 976 1326 Commemorat,
997 1276 1092 1329 quid
1121 1277 1162 1315 in
1194 1285 1330 1316 senatu

210 1327 261 1389 sit
277 1336 421 1396 actem,
441 1329 625 1368 referente
643 1330 815 1381 primum
835 1331 950 1392 Lupo
968 1331 1015 1369 de
1027 1331 1113 1382 lege
1132 1331 1177 1392 C:
1199 1330 1330 1392 Caesa-

209 1384 1331 1488 ssssasslffieffiffifflffiffdfffi&ufflfflffoeffiffzssssg

209 1499 295 1541 post
314 1489 474 1529 aedilicia
492 1492 659 1541 comitia,
675 1492 852 1531 habenda
870 1493 959 1532 sint.
988 1493 1139 1545 Scripta
1161 1493 1331 1533 Lentulo

211 1545 414 1596 Spinthere
433 1554 470 1583 et
487 1544 539 1593 Q.
561 1546 722 1585 Metello
742 1548 894 1600 Nepote
909 1547 1037 1596 Coss.)

264 1652 496 1704 Epistolam,
517 1667 636 1706 quam
647 1654 788 1706 legisti,
801 1668 915 1695 mane
927 1655 1118 1695 dederam.
1147 1655 1226 1695 Sed
1242 1655 1334 1695 fecit

209 1707 429 1745 humaniter
448 1708 636 1756 Licinius,
657 1709 762 1761 quod
779 1710 829 1748 ad
846 1723 924 1757 me,
943 1710 1062 1749 misso
1076 1718 1227 1759 senatu,
1248 1723 1333 1749 ves-

211 1762 293 1813 peri
311 1761 427 1809 venit,
449 1770 506 1810 ut,
534 1763 567 1801 si
593 1763 688 1814 quid
714 1771 809 1803 oeset
841 1772 984 1812 actum,
1012 1764 1061 1803 ad
1093 1771 1131 1803 te
1155 1765 1206 1808 (si
1234 1764 1333 1803 mihi

211 1815 419 1858 videretur)
455 1817 738 1868 perscriberem.
781 1819 945 1857 Senatus
972 1817 1049 1857 fuit
1083 1818 1332 1870 frequentior,

209 1882 330 1921 quam
349 1872 581 1921 putabamus
593 1883 672 1910 esse
686 1885 795 1924 posse
807 1885 938 1911 mense
951 1873 1158 1912 Decembri
1171 1874 1243 1911 sub
1254 1872 1334 1911 dies

209 1924 334 1962 festos.
367 1921 597 1963 Consulares
614 1938 683 1964 nos
696 1926 856 1976 fuimus,
872 1934 911 1966 et
923 1927 1002 1965 duo
1019 1927 1191 1965 eonsules
1210 1926 1335 1978 desig·

211 1978 306 2024 nati,
325 1978 371 2016 P.
388 1979 584 2027 Servilius,
601 1979 662 2018 M.
680 1980 894 2027 Lucullus;
916 1979 1104 2032 Lepidus,
1118 1980 1332 2029 Volcatius,

212 2032 386 2081 Glabrio,
411 2040 600 2084 praetorffi.
630 2034 730 2073 Sane
743 2035 959 2087 frequentes
977 2035 1149 2081 fuimus3
1178 2034 1336 2074 omnino

212 2085 275 2123 ad·
308 2086 503 2125 ducentos.
551 2088 776 2127 Commorat
821 2089 1140 2141 exspectationem
1179 2089 1329 2139 Lupus.

211 2139 305 2191 Egit
330 2154 484 2179 causam
509 2142 594 2193 agri
614 2142 804 2194 Campani
831 2156 921 2182 sane
950 2150 1148 2182 accurate:
1177 2143 1332 2181 auditus

212 2202 268 2233 est
287 2207 429 2246 magno
444 2195 604 2235 silentio.
649 2196 859 2237 Materiam
879 2197 933 2237 rei
953 2210 1029 2236 non
1051 2196 1214 2248 ignoras.
1259 2197 1333 2236 Ni-
