1498 2401
316 81 402 123 AD
430 80 713 121 ATTICUM.
742 80 844 121 LIB.
865 80 985 122 XIV.
1019 82 1082 121 16.
1188 84 1264 124 195

194 191 239 231 N
239 203 316 231 unc
332 204 488 244 prorsus
505 191 688 230 assentior
709 191 787 231 tuis
814 191 947 240 literis,
977 204 1166 254 speroque
1184 205 1267 233 me-

138 245 261 285 liora:
290 259 532 298 quamquam
545 247 636 285 istos
649 246 748 285 ferre
766 258 845 284 non
859 259 1044 298 possum:
1075 247 1157 299 qui,
1171 247 1268 286 dum

138 313 179 339 se
195 313 330 352 pacem
348 301 447 340 velle
463 300 663 349 simulant,
679 308 763 339 acta
780 300 926 339 nefaria
939 301 1162 340 defendunt.
1192 302 1268 341 Sed

137 367 217 393 non
248 362 409 407 possunt
437 355 568 394 omnia
601 355 730 393 simul.
775 355 919 406 Incipit
950 369 1010 394 res
1035 356 1208 395 melius
1197 369 1266 405 ire,

138 422 259 461 quam
279 410 459 462 putaram
477 425 487 448 ε
518 422 588 448 nec
606 423 696 449 vero
715 409 922 459 discedam,
938 410 1013 448 nisi
1032 423 1122 448 cum
1141 419 1184 449 tu
1204 424 1269 449 me

137 463 179 502 id
189 464 348 504 honeste
360 464 514 516 putabis
525 464 648 503 facere
658 477 780 516 posse.
809 465 936 503 Bruto
951 475 1049 503 certe
1061 478 1148 503 meo
1160 465 1269 504 nullo

140 519 224 561 loco
238 519 375 558 deero:
405 519 537 571 idque,
563 520 679 558 etiam
700 519 731 557 si
744 519 843 557 mihi
862 532 951 557 cum
970 519 1038 557 illo
1057 519 1154 557 nihil
1173 519 1270 558 fuis-

139 581 210 623 set,
241 574 407 612 facerem
433 581 588 626 propter
616 575 698 625 ejus
725 573 962 626 singularem
988 574 1270 612 incredibilem-

136 640 212 680 que
231 628 425 668 virtutem.

191 682 302 721 Piliae
320 690 459 721 nostrae
477 683 611 722 villam
635 690 772 732 totam,
794 697 958 736 quaeque
982 683 1024 721 in
1043 683 1137 722 villa
1158 690 1263 730 sunt,

135 737 260 785 trado,
272 737 312 775 in
322 738 607 789 Pompeianum
619 738 700 790 ipse
710 739 950 790 proficiscens
960 738 1119 777 Calend.
1137 737 1271 777 Maiis.

135 791 271 841 Quam
289 792 406 831 velim
424 793 551 832 Bruto
568 793 814 845 persuadeas,
833 801 879 832 ut
896 794 1056 833 Astutae
1075 793 1138 831 sit.

362 953 475 1007 (16.)
508 952 727 994 CICERO
756 952 981 994 ATTICO
1011 953 1052 993 s.

193 1063 345 1113 Quinto
363 1064 515 1112 Nonas,
530 1063 785 1103 conscendens
804 1065 853 1102 ab
873 1062 994 1103 hortis
1012 1061 1213 1102 Cluvianis
1232 1061 1273 1099 in

137 1118 343 1171 phaselum
383 1119 602 1171 epicopum,
634 1119 704 1157 has
736 1118 826 1157 dedi
853 1119 997 1166 literas,
1035 1131 1125 1156 cum
1159 1116 1272 1154 Piliae

138 1180 280 1212 nostrae
298 1174 433 1212 villam
464 1174 514 1211 ad
543 1173 777 1221 Lucrinum,
805 1173 966 1219 villicos,
995 1179 1273 1224 procuratores,

138 1227 390 1266 tradidissem.
422 1226 512 1279 Ipse
531 1235 662 1266 autem
681 1240 724 1266 eo
754 1227 816 1266 die
840 1228 881 1265 in
902 1227 1002 1265 Paeti
1030 1226 1151 1264 nostri
1169 1234 1276 1277 tyro-

137 1282 330 1321 tarichum
348 1283 602 1321 imminebam
622 1296 634 1329 3
664 1283 865 1334 perpaucis
884 1282 1019 1321 diebus
1038 1281 1079 1319 in
1092 1279 1277 1331 Pompei-

139 1348 288 1376 anum:
325 1344 412 1389 post
442 1336 484 1375 in
512 1337 596 1376 haec
630 1336 845 1375 Puteolana
873 1345 910 1375 et
941 1335 1122 1375 Cumana
1154 1347 1274 1385 regna

139 1391 374 1443 renavigare.
414 1391 454 1431 O
484 1392 568 1430 loca
598 1391 803 1444 caeteroqui
829 1391 940 1430 valde
965 1389 1194 1442 expetenda,
1214 1389 1277 1426 in·-

138 1446 427 1497 terpellantium
446 1454 576 1486 autem
597 1446 848 1485 multitudine
869 1459 980 1498 paene
997 1444 1183 1496 fugienda
1199 1444 1208 1482 !

192 1501 284 1551 Sed,
304 1501 355 1541 ad
372 1514 456 1540 rem
475 1509 520 1540 ut
539 1501 707 1549 veniam,
728 1514 752 1539 o
779 1501 998 1540 Dolabellae
1024 1499 1144 1538 nostri
1164 1511 1276 1550 mag-

139 1567 233 1594 nam
267 1558 484 1607 αριστειαν.1
516 1564 662 1608 quanta
691 1562 747 1594 est
778 1555 1050 1606 αυαθεωρησις]
1094 1553 1275 1606 equidem

138 1609 297 1648 laudare
317 1622 408 1648 eum
426 1617 464 1649 et
486 1611 631 1649 hortari
652 1623 731 1648 non
754 1609 906 1648 desisto.
937 1610 1059 1648 Recte
1087 1616 1131 1646 tu
1151 1608 1279 1646 omni-

138 1666 213 1704 bus
247 1664 415 1716 epistolis
448 1665 652 1717 significas,
681 1664 777 1716 quid
809 1664 857 1703 de
887 1678 941 1713 re,
974 1663 1070 1717 quid
1102 1663 1150 1701 de
1179 1663 1276 1710 viro,

141 1718 295 1761 sentias.
326 1719 433 1757 Mihi
452 1720 611 1771 quidem
630 1719 782 1759 videtur
800 1720 950 1758 Brutus
969 1727 1096 1757 noster
1111 1719 1196 1768 jam
1218 1717 1279 1755 vel

140 1786 320 1813 coronam
346 1787 504 1812 auream
531 1788 600 1827 per
626 1774 755 1812 forum
785 1773 882 1812 ferre
901 1786 1032 1825 posse:
1065 1773 1152 1824 quis
1172 1772 1277 1810 enim

139 1828 278 1867 audeat
298 1827 453 1877 violare,
483 1829 680 1881 proposita
707 1841 834 1876 cruce,
862 1836 930 1866 aut
953 1841 1046 1866 saxo
1063 1830 1081 1866 Ρ
1116 1839 1278 1879 praeser-

136 1883 209 1922 tim
224 1883 340 1922 tantis
354 1882 568 1934 plausibus,
589 1884 698 1922 tanta
717 1883 993 1935 approbatione
1012 1882 1238 1920 infimorum
1257 1883 1274 1919 ?

197 1938 331 1986 Nunc,
352 1938 409 1975 mi
422 1938 569 1987 Attice,
585 1951 649 1976 me
667 1938 728 1976 fac
741 1946 785 1976 ut
804 1937 995 1990 expedias.
1028 1935 1172 1988 Cupio,
1187 1948 1279 1973 cum

146 1992 274 2032 Bruto
293 1999 423 2030 nostro
441 1992 589 2031 affatim
609 1992 872 2041 satisfecerim,
889 2004 1089 2030 excurrere
1107 1992 1148 2029 in
1170 1990 1282 2028 Grae-

140 2047 258 2086 sciam.
287 2046 432 2098 Magni
456 2047 614 2086 interest
633 2046 843 2095 Ciceronis,
864 2047 926 2085 vel
944 2047 1033 2084 mea
1057 2046 1199 2097 potius,
1219 2043 1282 2082 vel

145 2101 398 2149 (mehercule)
419 2102 634 2154 utriusque,
653 2115 717 2140 me
728 2101 957 2140 intervenire
971 2100 1142 2139 discenti.
1171 2100 1280 2137 Nam

144 2155 308 2207 epistola
325 2156 525 2205 Leonidae,
546 2169 668 2209 quam
688 2156 739 2195 ad
763 2169 828 2194 me
853 2156 1004 2203 misisti,
1026 2154 1122 2207 quid
1146 2155 1279 2201 habet,

151 2223 295 2263 quaeso,
323 2210 364 2249 in
384 2224 463 2263 quo
487 2224 721 2264 magnopere
738 2211 942 2250 laetemur.
933 2219 948 2238 ν
978 2210 1198 2261 Nunquam
1216 2207 1283 2252 ille
