1498 2401
339 443 412 491 M.
448 443 681 493 TULLII
719 443 1085 494 CICERONIS

419 584 998 638 EPISTOLARUM

513 729 599 769 AD
626 729 905 771 ATTICUM

557 858 715 898 anR
744 856 844 897 XV.

625 1015 782 1051 -4—

475 1154 931 1197 ARGUMENTUM.

127 1267 171 1307 N
175 1278 239 1308 ox
259 1266 373 1306 valde
391 1264 571 1305 differens
597 1273 653 1306 est
683 1266 774 1306 libri
802 1266 921 1316 hujus
941 1272 1217 1318 argumentum
1247 1281 1272 1306 a

126 1322 334 1374 superioris
360 1320 562 1360 sententia.
605 1321 766 1374 Seriptae
799 1321 905 1360 enim
939 1321 1109 1373 epistolae
1139 1335 1273 1361 omnes

125 1384 232 1425 sunt,
254 1390 344 1416 cum
360 1375 488 1414 adhuc
503 1376 643 1414 Romae
657 1376 812 1428 negotia
827 1384 1035 1424 tumerent,
1049 1377 1272 1416 Antonius-

125 1445 202 1484 que
233 1440 270 1470 et
289 1430 477 1471 Octavius
509 1429 564 1469 ita
587 1431 719 1470 omnia
748 1430 966 1479 miscerent,
1001 1438 1060 1479 ut,
1093 1432 1272 1483 quamvis

125 1498 252 1539 neque
282 1486 398 1538 plane
423 1485 574 1524 bellum
600 1498 727 1538 neque
747 1499 826 1538 pax
847 1493 960 1534 esset,
990 1494 1191 1537 appareret
1211 1494 1270 1525 ta-

125 1553 232 1589 men,
252 1554 335 1579 rem
355 1540 405 1579 ad
423 1553 532 1578 arma
550 1540 791 1579 deductum
781 1540 841 1578 iri.
875 1540 967 1589 Quo
988 1540 1148 1592 quidem
1169 1548 1269 1580 tem-

123 1609 217 1648 pore
237 1595 386 1643 Cicero,
418 1594 491 1633 sibi
522 1595 677 1643 timens,
699 1595 896 1656 simulque
922 1594 1064 1657 filium,
1095 1595 1267 1634 Athenis

122 1650 379 1703 philosophia-2
396 1663 553 1702 operam
573 1650 746 1699 dantem,
774 1650 935 1702 cupiens
954 1650 1143 1696 invisere3
1175 1663 1266 1689 cum

120 1706 188 1756 jus
217 1706 348 1744 liberae
375 1704 578 1756 legationis
597 1718 621 1743 a
642 1704 867 1752 Dolabella,
896 1707 992 1749 (non
1023 1713 1155 1743 autem
1175 1718 1266 1757 pro-

121 1759 309 1808 vincialis,
330 1772 470 1810 nempe
489 1759 627 1812 Syriae,
649 1767 692 1798 ut
710 1759 921 1798 Plutarcho
941 1759 1083 1812 placet)
1105 1760 1265 1799 haberet

124 1815 184 1866 (id
203 1815 308 1854 enim
328 1827 377 1852 ex
390 1814 451 1852 his
470 1815 640 1866 epistolis
659 1828 702 1853 ac
723 1814 944 1866 Philippica
964 1815 1092 1866 prima
1105 1827 1266 1866 cognos-

118 1869 252 1918 citur),
283 1869 356 1907 iter
381 1869 494 1920 coepit
521 1869 563 1906 in
593 1869 801 1917 Graeciam,
823 1882 867 1908 eo
895 1869 1070 1918 consilio,
1104 1878 1150 1907 ut
1177 1869 1262 1908 Cal.

116 1924 146 1963 J
149 1923 318 1962 anuariis
336 1923 497 1972 adesset,
514 1924 619 1975 quod
638 1924 795 1962 initium
815 1923 976 1975 eogendi
991 1927 1144 1963 senatus
1159 1924 1254 1971 fore,

118 1978 253 2018 Hirtio
275 1986 313 2017 et
346 1978 476 2017 Pansa
498 1979 745 2017 consulatum
770 1978 1010 2027 ineuntibus,
1046 1978 1260 2017 videbatur.

117 2032 231 2072 Dum
243 2045 332 2072 vero
347 2046 432 2085 spes
451 2031 584 2085 aliqua
600 2033 809 2072 meliorum
827 2046 959 2072 rerum
977 2033 1068 2082 fuit,
1089 2033 1260 2071 Brutus-

116 2100 194 2140 que
211 2094 250 2127 et
270 2086 442 2135 Cassius,
462 2095 643 2150 praetores
663 2088 818 2137 urbani,
843 2088 987 2140 quibus
1005 2087 1180 2126 maxime
1198 2100 1258 2126 re-

115 2142 344 2195 cuperandae
365 2142 482 2195 Reip.
502 2141 599 2181 ratio
627 2143 837 2192 nitebatur,
868 2142 900 2182 si
930 2155 1009 2181 non
1029 2143 1185 2190 Romae‚
1213 2141 1256 2180 in

114 2197 303 2248 proximis
329 2204 460 2236 tamen
485 2197 593 2245 locis,
624 2199 862 2244 manebant3
891 2209 1038 2249 perque
1060 2196 1190 2236 literas
1217 2204 1256 2236 et
