1467 2401
344 69 429 109 AD
452 69 743 113 ATTICUM.
773 70 873 110 L113.
894 71 995 111 XII.
1025 75 1063 111 5.
1191 73 1267 112 103

132 180 254 223 etiam
281 177 539 218 Philotimum
564 178 733 218 tertium.
763 177 802 217 Ο
822 179 1041 228 stultitiam,
1073 180 1146 219 nisi
1171 193 1260 220 mea

136 236 260 284 major
284 240 393 280 esset,
421 232 681 282 singularem!
714 232 833 279 Quod
856 241 988 275 autem
1013 247 1069 281 os,
1089 234 1129 272 in
1158 234 1259 274 hanc

135 301 219 326 rem
239 303 353 337 ερανον
372 299 395 324 a
413 288 482 324 te?
512 286 605 332 Fac,
618 299 696 324 non
715 286 764 323 ad
784 287 948 328 διψωσαυ
969 303 1109 337 >gan-am,
1130 289 1196 327 sed
1207 289 1258 327 ad

137 348 323 391 Πειρηνην,
344 352 434 378 eum
454 340 625 385 venisse3
657 339 723 378 sed
743 356 933 386 αμπνευμα
956 355 1080 387 celum»
1099 350 1255 382 Αλῖειου

133 394 175 432 in
195 402 232 432 te
253 409 376 443 κρηνην
406 396 467 436 (ut
485 393 632 441 scribis)
652 393 818 440 haurire,
848 393 888 431 in
914 394 1029 432 tantis
1048 395 1125 433 suis
1156 410 1255 446 prae-

131 449 263 487 sertim
282 447 491 499 angustfi83
523 462 581 484 ποι
603 448 706 485 ‘ratur'
729 448 782 497 αρ’
800 451 1012 494 atreo-umba
1031 450 1049 486 Ρ
1079 450 1155 488 Sed
1173 451 1254 501 ipse

132 502 281 541 viderit.

186 555 285 595 Cato
303 568 367 593 me
384 554 542 606 quidem
561 555 735 603 delectat,
757 554 822 592 sed
841 555 956 594 etiam
982 557 1147 595 Bassum
1169 558 1254 596 Lu-

126 609 262 648 cilium
294 622 375 647 sua.
406 610 469 647 De
502 608 638 656 Coelio,
666 618 708 646 tu
734 622 894 660 quaeres,
921 619 966 648 ut
995 611 1150 650 scribis:
1181 626 1252 663 ego

127 664 227 702 nihil
245 664 347 702 novi.
377 664 418 702 N
420 663 580 701 oscenda
599 671 655 700 est
673 671 824 709 natura,
844 676 921 701 non
941 664 1102 702 facultas
1121 667 1251 705 modo.

126 717 190 756 De
210 717 417 756 Hortensio
437 724 474 755 et
492 716 685 767 Virginio,
702 724 744 754 tu
765 716 797 754 si
811 717 906 768 quid
918 718 1111 757 dubitabis
1127 734 1138 757 z
1164 721 1249 769 etsi,

124 771 221 821 ¹quid
238 771 361 822 magis
378 771 540 822 placeat,
563 772 652 822 (ego
679 779 869 822 quantum
889 771 1073 822 adspicio)
1094 786 1171 811 non
1191 774 1250 812 fa-

123 825 196 864 cile
213 825 413 864 inveneris.
444 824 548 870 Cum
578 825 781 872 Mustella,
812 826 1141 877 quemadmodum
1160 829 1250 869 scri„

123 879 196 925 bis,
217 893 308 918 cum
326 879 470 918 venerit
490 879 662 930 Crispus.
1058 918 1063 920 a

178 934 245 972 Ad
273 933 425 971 Aulum
453 933 600 984 scripsi,
629 940 674 970 ut
701 946 759 979 ea,
790 946 878 984 quae
904 935 1002 974 bene
1019 938 1171 976 ndssem
1199 938 1247 978 de

122 1002 231 1032 auro,
253 987 384 1026 Pisoni
403 988 690 1035 demonstraret.
721 987 815 1033 Tibi
834 988 936 1026 enim
956 1002 1047 1028 sane
1065 992 1244 1041 assentio,

123 1051 161 1080 et
188 1042 291 1081 istud
309 1041 474 1079 nimium
494 1041 560 1079 diu
589 1041 692 1089 duci,
722 1049 759 1079 et
786 1042 917 1080 omnia
943 1055 1047 1082 nunc
1072 1045 1245 1097 undique

122 1096 390 1142 contrahenda.
422 1096 482 1134 Te
500 1095 659 1146 quidem
686 1095 785 1133 nihil
811 1109 936 1146 agere,
956 1098 1055 1136 nihil
1081 1100 1247 1150 cogitare

121 1150 242 1196 aliud,
263 1149 337 1188 nisi
362 1150 466 1201 quod
489 1150 538 1188 ad
565 1162 629 1187 me
656 1150 857 1201 pertineat,
885 1149 996 1189 facile
1027 1153 1241 1204 perspicio;

121 1204 293 1255 meisque
320 1203 481 1254 negotiis
499 1203 679 1254 impediri
705 1203 955 1254 cupiditatem
974 1213 1083 1244 tuam
1101 1207 1151 1245 ad
1178 1221 1244 1248 me

119 1258 308 1300 veniendi.
337 1258 413 1296 Sed
431 1270 584 1295 mecum
599 1271 678 1295 esse
692 1265 730 1295 te
747 1265 842 1308 puto
858 1271 870 1302 3
900 1271 977 1296 non
997 1261 1124 1298 solum
1139 1263 1245 1313 quod

119 1325 250 1351 meam
276 1324 358 1350 rem
386 1311 481 1362 agis,
509 1324 644 1349 verum
673 1312 788 1350 etiam
812 1311 916 1362 quod
944 1313 1070 1352 videre
1097 1315 1241 1365 videor,

119 1380 196 1416 quo
214 1366 329 1405 modo
347 1379 437 1417 agas
454 1380 465 1404 z
494 1377 620 1417 neque
647 1365 751 1404 enim
769 1366 851 1403 ulla
877 1366 971 1405 hora
995 1367 1053 1406 tui
1068 1369 1167 1407 mihi
1185 1379 1244 1410 est

118 1421 244 1473 operis
259 1421 406 1472 ignota.

172 1475 379 1513 Tubulum
392 1481 594 1526 praetorem
608 1475 719 1514 video
738 1474 787 1513 L.
803 1475 966 1514 Metello
985 1475 1038 1524 Q.
1058 1477 1241 1519 Maximo

117 1529 352 1570 consulibus.
381 1530 424 1567 N
426 1542 500 1568 unc
519 1530 649 1577 velim,
670 1531 717 1568 P.
737 1531 906 1569 Scaevola
924 1531 1098 1581 pontifex
1116 1534 1244 1571 maxi-

117 1597 220 1632 mus,
254 1584 395 1635 quibus
423 1584 642 1622 consulibus
674 1584 851 1630 tribunus
878 1584 1014 1636 plebis.
1042 1587 1241 1638 Equidem

116 1646 212 1692 puto
240 1637 441 1690 proximis,
462 1638 642 1689 Caepione
669 1645 707 1676 et
725 1638 939 1689 Pompeio:
969 1648 1108 1690 praetor
1135 1641 1241 1680 enim

118 1696 167 1734 P.
185 1692 319 1741 Furio,
348 1692 437 1730 Sex.
465 1692 603 1730 Atilio.
630 1692 755 1730 Dabis
782 1692 899 1743 igitur
927 1693 1181 1744 tribunatum,
1202 1703 1241 1734 et

115 1749 149 1788 si
166 1746 321 1800 poteris,
341 1745 522 1788 Tubulus
540 1759 618 1797 quo
636 1746 806 1785 crimine.
835 1747 889 1784 Et
908 1747 1008 1796 vide,
1028 1761 1172 1799 quaeso,
1188 1750 1239 1788 L.

118 1803 222 1848 Libo
242 1800 339 1853 (ille,
371 1799 440 1851 qui
453 1800 505 1844 ,de
532 1801 612 1840 Ser.
631 1799 777 1850 Galba)
800 1798 1060 1847 Censorinone
1088 1809 1126 1840 et
1144 1803 1239 1841 Ma-

114 1858 224 1905 nilio,
255 1867 306 1892 an
323 1854 373 1892 T.
394 1854 557 1901 Quintio
576 1855 639 1893 Μ’
659 1855 785 1893 Acilio
804 1855 1038 1902 consulibus,
1058 1856 1238 1895 tribunus

113 1912 238 1964 plebis
264 1909 391 1948 fuerit.
424 1908 637 1947 conturbat
658 1909 761 1947 enim
786 1921 850 1947 me
869 1908 910 1946 in
929 1909 1093 1961 epitome
1120 1911 1237 1949 Bruti

114 1965 419 2010 Fannianorum,
448 1962 633 2014 scriptum
663 1963 767 2015 quod
785 1970 865 2001 erat
889 1963 930 2000 in
949 1970 1145 2002 extremo:
1176 1964 1237 2002 id-

115 2034 194 2072 que
211 2030 282 2071 ego
308 2024 473 2064 secutus,
492 2017 596 2056 hunc
623 2017 834 2065 Fannium,
854 2017 923 2068 qui
950 2017 1098 2068 scripsit
1116 2018 1237 2056 histo-

113 2075 228 2122 riam,
261 2083 446 2124 generum
473 2084 552 2109 aese
584 2071 806 2123 scripseram
839 2070 978 2109 Laelii:
1009 2071 1074 2109 sed
1101 2080 1144 2110 tu
1171 2084 1236 2110 me

114 2141 372 2177 γεωμετρικως
403 2124 620 2164 refelleras:
650 2134 688 2164 te
719 2134 849 2164 autem
881 2137 984 2164 nunc
1015 2125 1163 2164 Brutus
1195 2134 1233 2163 et

113 2180 302 2228 Fannius.
331 2178 419 2231 Ego
450 2187 580 2219 tamen
608 2179 656 2219 de
682 2181 784 2219 bono
810 2187 976 2228 auctore,
1010 2178 1231 2227 Hortensio,
1254 2196 1264 2217 ς
