1498 2401
182 107 258 145 166
342 107 425 145 AD
454 105 742 146 ATTICUM.
774 106 874 145 L113.
896 105 1023 145 XIII.
1051 107 1117 151 37.

179 214 211 252 si
229 227 345 265 grave
367 227 445 254 non
465 215 549 262 erit,
572 215 725 263 efficias,
752 227 801 254 ne
820 222 908 254 ante
935 215 1071 254 Nonas
1096 213 1196 252 mihi
1212 213 1307 252 illuc

180 269 413 308 veniendum
439 270 498 308 sit.
532 269 581 308 Id
605 277 713 322 potes
737 283 805 321 per
823 269 1038 321 Egnatium
1064 268 1305 307 Maximum.

181 320 289 361 Illud
307 324 349 361 in
367 324 517 375 primis,
537 333 582 363 ut
600 337 690 363 cum
711 324 894 373 Publilio,
916 337 980 363 me
997 335 1114 376 paene
1132 324 1304 371 absente,

181 377 383 416 conficias:
412 378 461 416 de
479 391 558 431 quo
577 392 665 430 quae
677 379 784 417 fama
801 379 864 427 sit,
885 379 1038 417 scribes.
1066 379 1095 401 “
1111 375 1161 415 Id
1178 388 1307 428 popu-

179 431 242 469 lus
274 439 383 470 curat
410 432 591 472 sm'licet.”
621 434 715 472 Non
742 431 998 485 (mehercule)
1032 431 1194 471 arbitror
1206 445 1218 469 ι
1248 436 1306 469 et-

181 485 287 524 enim
299 486 387 534 haee
400 486 601 526 decantata
615 495 696 526 erat
709 488 843 526 fabula
858 502 869 525 2
900 487 966 526 sed
988 487 1179 538 complere
1198 483 1306 537 pagi-

179 552 274 578 nam
293 541 409 579 volui,
436 541 545 590 Quid
559 542 672 593 plura
686 544 704 581 ἓ*
731 543 814 593 ipse
826 542 929 580 enim
949 541 1102 589 adsum,
1121 539 1196 579 nisi
1209 537 1305 592 quid

176 600 220 631 tu
238 607 432 647 prorogas.
465 595 609 648 Scripsi
627 596 732 635 enim
751 596 801 635 ad
818 603 856 635 te
874 596 922 634 de
939 595 1072 635 hortis.

396 759 512 807 (35.)
552 758 767 799 CICERO
795 757 1018 799 ATTICO
1047 759 1090 798 S.

232 866 272 906 O
305 880 388 906 rem
416 867 646 919 indignam!
679 868 845 907 Gentilis
869 875 961 906 tuus
986 867 1137 906 Urbem
1156 872 1302 918 auget;

176 934 298 973 quam
315 921 388 960 hoc
399 922 554 960 biennio
565 922 738 973 primum
756 922 853 961 vidit
867 937 878 960 ε
909 930 948 960 et
961 922 997 960 ei
1009 933 1150 974 parum
1162 933 1307 972 magna

175 975 258 1014 visa
276 983 346 1024 est,
376 989 464 1028 quae
483 976 600 1014 etiam
623 976 754 1028 ipsum
781 989 914 1029 capere
940 975 1121 1028 potuerit.
1153 974 1242 1013 Hac
1258 973 1308 1013 de

175 1042 217 1067 re
245 1029 364 1081 igitur
393 1037 570 1081 exspecto
595 1029 723 1069 literas
747 1038 846 1070 tuas.
875 1030 1058 1079 Varroni,
1077 1028 1223 1076 scribis,
1252 1037 1306 1078 te,

176 1083 294 1122 simul
313 1097 357 1122 ac
375 1084 533 1123 venerit.
563 1084 660 1123 Dati
677 1085 796 1137 igitur
810 1087 895 1136 jam
913 1093 1029 1131 sunt3
1060 1097 1130 1123 nec
1154 1083 1227 1122 tibi
1244 1082 1306 1121 in-

175 1144 328 1189 tegrum
348 1147 429 1177 est:
459 1138 529 1177 hui
548 1139 558 1177 !
581 1139 614 1178 si
633 1139 728 1178 scias
751 1147 897 1191 quanto
920 1138 1090 1192 periculo
1108 1145 1189 1176 tuo.
1217 1139 1307 1176 Aut

173 1191 335 1231 fortasse
353 1193 475 1232 literae
494 1206 591 1232 meae
609 1201 647 1232 te
665 1193 921 1233 retardarunt-
952 1193 1029 1234 Sed
1048 1206 1111 1232 eas
1129 1191 1304 1230 nondum

172 1246 335 1298 legeras,
372 1260 463 1286 cum
494 1247 564 1286 has
596 1248 792 1300 proximas
821 1248 1016 1301 scripsisti.
1051 1247 1156 1287 Scire
1184 1245 1304 1299 igitur

173 1313 281 1351 aveo,
302 1314 380 1354 quo
394 1301 512 1341 modo
530 1315 592 1341 res
610 1315 652 1342 se
669 1302 823 1342 habeat.

392 1465 508 1514 (36.)
544 1465 761 1518 CICERO
786 1465 1013 1506 ATTICO
1043 1465 1083 1505 S.

225 1571 290 1611 De
307 1573 424 1612 Bruti
439 1586 584 1624 amore,
601 1575 804 1627 vestraque
818 1574 1095 1623 ambulatione,
1115 1572 1188 1613 etsi
1205 1572 1304 1611 mihi

171 1626 271 1664 nihil
289 1628 379 1666 novi
409 1629 535 1678 affers,
557 1629 622 1668 sed
645 1629 764 1678 idem,
795 1629 902 1682 quod
920 1642 1049 1681 saepe3
1079 1635 1210 1667 tamen
1229 1627 1303 1665 hoc

169 1681 286 1719 audio
304 1681 502 1732 libentius,
523 1696 601 1735 quo
625 1684 766 1735 saepius
786 1698 796 1722 ε
828 1697 951 1736 eoque
969 1683 1067 1722 mihi
1089 1680 1303 1732 jucundius

169 1742 269 1828 em:gli
263 1737 368 1787 quod
397 1744 442 1775 tu
472 1750 517 1776 eo
541 1738 714 1786 laetari53
745 1738 962 1790 certiusque
984 1750 1029 1777 eo
1058 1743 1130 1786 αεὶ,
1155 1734 1262 1788 quod
1278 1747 1303 1773 8

171 1796 210 1828 te
269 1790 381 1829 citur.

391 1954 506 2008 (37.)
537 1954 753 1995 CICERO
780 1954 1003 1995 ATTICO
1032 1956 1075 1995 s.

215 2061 303 2100 Has
321 2063 460 2102 alteras
478 2062 594 2103 hodie
612 2064 754 2103 literas.
784 2063 849 2103 De
869 2063 1046 2102 Xenonis
1065 2061 1237 2109 nomine,
1257 2069 1296 2100 et

162 2115 213 2154 de
230 2115 439 2168 Epiroticis
458 2117 553 2165 XL,
584 2119 683 2157 nihil
708 2126 833 2171 potest
852 2117 934 2156 fieri
963 2131 1033 2157 nec
1060 2115 1304 2156 commodius

167 2181 239 2208 nec
257 2170 400 2223 aptius,
420 2184 541 2224 quam
566 2179 612 2210 ut
630 2173 774 2212 scribis.
803 2171 852 2212 Id
872 2179 954 2211 erat
978 2172 1132 2210 locutus
1149 2182 1304 2210 mecum

161 2223 296 2264 eodem
329 2226 446 2265 modo
479 2226 629 2265 Balbus
662 2227 801 2266 minor.
830 2226 934 2266 Novi
970 2225 1069 2264 nihil
1095 2237 1201 2274 sane,
1228 2223 1303 2263 nisi
