1498 2401
308 74 393 116 AD
420 74 710 115 ATTICUM.
740 74 842 115 Lm.
871 74 992 115 X1v;
1025 75 1090 113 13.
1203 72 1277 114 191

150 185 294 224 tarium
309 184 482 224 Caesaris.
513 184 590 224 Sed
605 185 855 247 (mehercule)
869 183 900 223 si
918 183 1153 231 humaniter,
1171 189 1208 222 et
1221 196 1283 222 sa-

149 240 314 292 pienter,
335 246 373 278 et
390 239 634 278 amabiliter'
623 251 664 277 1n
683 252 748 278 me
761 240 926 290 cogitare
943 239 1013 287 vis,
1029 238 1182 277 facilem
1193 250 1284 305 pro-

150 294 250 332 fecto
277 301 315 332 te
342 293 554 345 praebebis.
586 301 625 332 et
649 294 751 333 voles
776 294 822 331 P.
845 293 1040 341 Clodium,
1069 293 1111 331 in
1135 291 1285 344 optima

151 361 218 400 spe
246 361 412 400 puerum
442 348 666 410 repositum,
690 347 922 395 existimare,
954 360 1032 386 non
1058 355 1096 386 te
1119 347 1282 385 insecta-

151 412 238 441 tum
257 415 352 450 esse,
374 416 463 441 cum
483 403 666 454 potueris,
688 403 828 441 amicos
847 410 1036 454 paternos.

205 458 235 480 ‘⁶
251 457 402 505 Patere,
422 459 575 496 obsecro
594 465 645 505 te,
667 471 738 509 pro
756 471 796 495 re
815 455 970 508 publica
988 456 1108 494 videri
1126 455 1283 507 gessisse

148 510 385 550 simultatem
415 525 504 550 cum
534 519 641 564 patre
674 513 780 562 ejus:
813 524 890 549 non
915 511 1160 549 contemseris
1183 510 1284 548 hanc

149 565 352 604 familiam.
394 567 605 605 Honestius
638 567 742 605 enim
773 573 810 604 et
842 565 1024 604 libentius
1054 564 1283 617 deponimus

148 620 368 660 inimicitias
391 621 611 673 reipublicae
635 621 791 659 nomine
817 629 1023 672 susceptas,
1052 632 1171 671 quam
1195 631 1286 657 con-

149 675 340 714 tumaciae.
373 675 445 715 Me
475 675 613 714 deinde
643 676 724 714 sine
749 675 798 714 ad
825 676 924 713 hanc
954 675 1175 727 opinionem
1201 674 1286 722 jam

150 741 255 768 nunc
274 730 437 782 dirigere
462 744 642 782 puerum,
665 738 702 769 et
726 737 857 768 tenero
876 730 1006 768 animo
1027 729 1110 779 ejus
1129 740 1285 780 persua-

151 783 253 832 dere,
275 797 352 823 non
372 798 451 824 esse
470 785 672 824 tradendas
690 785 852 837 posteris
870 784 1101 822 inimicitias.
1131 783 1286 830 Quam-

151 851 288 890 quam,
308 846 417 877 tuam
437 840 646 889 fortunam,
669 840 816 886 Cicero,
838 841 886 878 ab
906 839 1012 877 omni
1030 838 1200 890 periculo
1220 837 1288 874 abr

151 906 244 942 esse,
262 902 409 932 certum
423 894 572 940 habeo;
595 902 725 933 tamen
741 895 916 942 arbitror,
933 894 1050 931 malle
1063 899 1099 931 te
1114 892 1285 944 quietam

151 955 386 987 senectutem
406 956 442 987 et
460 949 709 988 honorificam
729 949 857 1002 potius
871 961 996 1000 agere,
1011 960 1131 1000 quam
1146 945 1286 985 sollici-

148 1009 242 1040 tam.

207 1060 236 1079 “
254 1057 468 1107 Postremo,
484 1071 571 1096 meo
587 1059 674 1108 jure
688 1065 726 1097 te
743 1057 816 1097 hoc
829 1056 1060 1097 beneficium
1074 1068 1178 1107 rogo.
1209 1053 1286 1092 Ni-

149 1111 208 1149 hil
227 1111 327 1150 enim
350 1125 427 1150 non
452 1113 522 1151 tua
543 1112 656 1151 0311εὲ1
677 1113 760 1151 feci.
802 1112 921 1161 Quod
941 1112 972 1150 si
999 1123 1077 1149 non
1104 1110 1284 1162 impetro,

151 1178 221 1217 per
238 1178 302 1205 me
315 1166 451 1205 Clodio
466 1167 626 1205 daturus
640 1180 717 1206 non
731 1180 819 1206 sum
835 1182 845 1205 ε
874 1175 919 1205 ut
929 1165 1135 1217 intelligas,
1149 1163 1284 1216 quanti

150 1220 256 1272 apud
275 1233 339 1259 me
358 1221 561 1260 auctoritas
576 1229 645 1260 tua
664 1221 726 1271 sit,
743 1230 860 1274 atque
880 1234 924 1260 eo
943 1229 981 1260 te
997 1219 1286 1273 placabiliorem

152 1276 365 1326 praebeas.”

426 1386 456 1408 ‘⁶
479 1387 617 1426 Cicero
636 1384 826 1434 Antonio,
852 1385 939 1424 Cos.
960 1385 1004 1423 S,

207 1496 236 1518 ‘⁶
257 1494 378 1544 Quod
396 1508 550 1534 mecum
569 1509 638 1547 per
656 1495 786 1534 literas
806 1495 901 1547 agis,
921 1506 1043 1533 unam
1062 1494 1112 1532 ob
1132 1505 1288 1531 causam

150 1549 311 1588 mallem
330 1563 458 1589 coram
479 1550 609 1602 egisse.
645 1551 740 1588 Non
760 1551 863 1588 enim
890 1550 1016 1588 solum
1036 1562 1084 1587 ex
1103 1548 1287 1596 oratione,

152 1604 218 1643 sed
234 1604 350 1642 etiam
359 1618 407 1643 ex
423 1606 535 1643 vultu
545 1612 583 1643 et
597 1605 717 1644 oculis
732 1612 769 1643 et
784 1605 909 1643 fronte
922 1607 984 1648 (ut
996 1603 1139 1652 aiunt),
1154 1614 1289 1641 meum

152 1672 242 1710 erga
260 1665 298 1697 te
317 1672 488 1698 amorem
507 1660 719 1711 perspicere
737 1659 937 1712 potuisses.
981 1659 1102 1706 Nam,
1133 1670 1224 1696 cum
1252 1664 1291 1695 te

153 1726 304 1765 semper
322 1715 463 1762 amavi,
484 1714 656 1766 primum
676 1722 744 1753 tuo
767 1714 908 1761 studio,
932 1721 1020 1766 post
1039 1713 1154 1752 etiam
1173 1713 1290 1750 bene-

152 1767 238 1806 ficio
267 1776 519 1819 provocatu83
550 1777 636 1808 tum
664 1768 724 1807 his
750 1769 988 1821 temporibus
1013 1766 1230 1819 respublica
1252 1772 1291 1804 te

152 1822 251 1860 mihi
269 1822 323 1860 ita
338 1823 634 1874 commendavit,
647 1831 692 1862 ut
704 1824 886 1862 cariorem
897 1823 1064 1861 habeam
1078 1821 1286 1860 neminem.

153 1877 297 1915 Literae
316 1891 404 1916 vero
423 1885 514 1927 tuae,
531 1891 623 1917 cum
641 1878 919 1927 amantissime,
933 1884 1019 1916 tum
1035 1875 1290 1915 honorificen-

153 1931 300 1970 tissime
324 1932 485 1984 scriptae,
514 1932 566 1972 sic
594 1946 658 1972 me
681 1933 903 1980 affecerunt,
924 1939 969 1970 ut
994 1944 1073 1971 non
1104 1930 1194 1968 dare
1219 1928 1291 1967 tibi

153 1986 385 2047 beneficium
404 1987 565 2036 viderer,
587 1988 652 2026 sed
676 1987 846 2039 accipere
865 2001 888 2026 a
906 1994 958 2035 te,
980 1987 1034 2025 ita
1058 1991 1226 2038 petente,
1246 1989 1292 2021 ut

151 2040 355 2079 1mmicum
375 2054 522 2090 meum,
542 2042 797 2082 necessarium
818 2050 948 2089 tuum,
969 2054 1032 2080 me
1057 2039 1193 2087 invito,
1214 2051 1291 2077 ser-

153 2107 243 2133 vare
261 2096 398 2144 nolles,
419 2109 510 2135 cum
528 2097 570 2135 id
587 2098 697 2136 nullo
715 2097 871 2149 negotio
886 2097 1011 2135 facere
1029 2106 1171 2157 posses.

208 2152 237 2172 ‘⁶
253 2149 343 2202 Ego
361 2164 451 2190 vero
467 2151 540 2190 tibi
560 2151 675 2202 istuc,
694 2152 752 2190 mi
770 2150 936 2213 Antoni,
959 2150 1138 2189 remitto·
1126 2177 1138 2194 ‚
1173 2153 1291 2197 atque

150 2201 220 2254 ita,
233 2211 278 2244 ut
294 2217 361 2245 me
378 2219 402 2246 a
416 2212 467 2257 te,
485 2219 575 2246 cum
588 2206 650 2246 his
663 2205 790 2248 verbis
803 2205 1010 2258 scripseris,
1027 2201 1292 2243 liberalissime
