1498 2401
315 125 398 168 AD
428 129 482 178 Q.
516 127 818 168 FRATREM.
849 129 950 169 ιω.
982 128 1015 168 1.
1050 131 1084 169 1.
1182 130 1265 169 269

133 226 263 277 rerum
282 236 481 289 cupiditati
499 236 660 284 resistes,
680 243 724 274 ut
742 236 864 283 faci83
893 237 965 277 erit
985 237 1134 290 (credo)
1155 239 1256 291 peri.

133 292 281 339 culum,
305 303 354 329 ne
370 290 601 343 improbum
623 290 911 341 negotiatorem,
939 292 1056 354 paulo
1085 293 1257 345 cupidio-

132 359 216 385 rem
227 345 498 406 publicanum,
510 344 761 406 comprimere
773 357 848 383 non
860 346 992 396 possis.
1023 347 1131 385 Nam
1146 347 1256 386 Grae-

133 399 169 439 ci
186 399 342 451 quidem
362 398 415 437 sic
433 406 469 436 te
486 398 541 436 ita
554 398 744 436 viventem
765 398 1033 448 intuebuntur,
1054 408 1098 438 ut
1118 414 1255 453 quem-

133 453 224 492 dam
245 467 292 492 ex
312 453 511 491 annalium
529 452 729 498 memoria,
750 460 818 490 aut
844 453 960 491 etiam
979 454 1027 492 de
1046 455 1138 493 coelo
1157 455 1254 494 divi-

130 519 228 546 num
246 506 442 545 hominem
461 519 540 544 esse
556 506 598 544 in
616 506 851 557 provinciam
869 507 1068 559 delapsum
1087 516 1237 559 putent.

187 561 323 613 Atque
341 561 422 599 haec
441 573 558 605 nunc,
574 571 652 598 non
666 567 711 598 ut
724 559 854 607 facias,
876 561 940 599 sed
959 569 1003 599 ut
1020 569 1059 600 te
1077 563 1199 601 facere
1218 570 1256 602 et

133 615 264 655 fecisse
282 615 463 666 gaudeas,
483 614 617 652 scribo.
647 614 882 652 Praeclarum
897 623 953 653 est
971 615 1088 664 enim,
1103 629 1256 656 summo

134 682 226 709 cum
253 669 422 720 imperio
440 668 558 706 fuisse
580 667 620 705 in
642 668 736 706 Asia
764 668 987 715 triennium,
1009 669 1060 708 sic
1093 677 1137 708 ut
1166 671 1256 709 nul-

134 724 221 762 lum
235 730 274 761 te
292 723 460 773 signum,
481 722 588 760 nulla
606 722 768 773 pictura
782 723 937 760 nullum
952 736 1031 772 vas,
1044 725 1154 762 nulla
1172 738 1255 763 ves·

133 777 198 825 tis,
235 777 391 815 nullum
420 776 674 828 mancipium,
705 776 814 814 nulla
849 777 974 815 forma
1009 779 1254 830 cujusquam,

133 832 247 870 nulla
271 831 438 880 conditio
456 830 628 882 pecuniae
648 830 806 882 (quibus
835 832 948 869 rebus
977 832 1149 870 abundat
1181 832 1255 871 ista

136 885 363 938 provincia),
384 886 432 923 ab
452 884 606 923 summa
623 884 838 946 integritate
864 885 1176 938 continentiaque
1187 886 1253 925 de-

135 939 301 978 duxerit.
332 938 442 987 Quid
459 946 589 976 autem
607 938 762 990 reperiri
781 946 861 976 tam
881 939 1068 978 eximium
1087 949 1155 978 aut
1173 949 1254 979 tam

136 993 396 1046 expetendum
422 1000 558 1045 potest,
582 1005 701 1054 quam
725 993 839 1031 istam
864 993 1058 1042 virtutem,
1078 994 1253 1034 modera-

133 1047 280 1086 tionem
298 1047 431 1095 animi,
452 1046 759 1098 temperantiam,
783 1059 860 1084 non
877 1047 1025 1085 latere
1014 1060 1055 1085 m
1074 1049 1253 1097 tenebris,

134 1114 261 1164 neque
279 1115 358 1140 esse
377 1101 561 1148 abditam,
583 1100 682 1139 sed
672 1114 712 1138 m
731 1101 816 1139 luce
834 1101 956 1150 Asiae,
981 1101 1023 1138 in
1041 1102 1159 1141 oculis
1178 1103 1255 1141 cla-

134 1155 294 1194 rissimae
321 1155 538 1217 provinciae,
566 1162 681 1206 atque
705 1154 744 1192 in
775 1155 930 1193 auribus
955 1155 1131 1194 omnium
1160 1169 1255 1208 gen-

133 1210 236 1248 tium
255 1223 299 1249 ac
317 1209 533 1271 nationum,
550 1222 628 1247 esse
646 1208 810 1260 positam
823 1209 841 1245 ?
870 1222 946 1247 non
958 1209 1158 1248 itineribus
1177 1210 1254 1249 tuis

135 1263 334 1316 perterreri
351 1263 552 1302 homines.
541 1265 559 1291 ‘³
589 1275 667 1301 non
682 1270 813 1301 sumtu
837 1263 1065 1302 exhauriri?
1094 1276 1170 1303 non
1187 1265 1255 1303 ad·

127 1325 250 1357 ventu
271 1316 532 1357 commoveri?
561 1329 654 1366 esse,
684 1329 928 1368 quocumque
947 1317 1106 1366 veneris,
1128 1326 1164 1356 et
1182 1332 1256 1371 pu-

132 1372 232 1411 blice
250 1379 287 1410 et
304 1371 483 1424 privatim
495 1371 709 1409 maximam
727 1370 926 1417 laetitiam3
957 1384 1047 1410 cum
1065 1374 1156 1410 urbs
1172 1386 1256 1411 cus-

134 1426 280 1476 todem,
314 1438 392 1464 non
416 1433 639 1477 tyrannum,
669 1424 808 1463 domus
833 1425 1040 1477 hospitem,
1081 1438 1159 1464 non
1188 1440 1255 1465 ex-

130 1480 350 1533 pilatorem,
370 1479 552 1531 recepisse
571 1479 745 1517 videatur
761 1481 778 1517 ἓ

150 1552 151 1555 “
188 1534 273 1573 III.
302 1534 379 1572 His
395 1541 522 1572 autem
540 1533 705 1571 inrebus
720 1534 803 1583 jam
822 1540 859 1572 te
877 1547 969 1572 usus
987 1533 1068 1585 ipse
1086 1535 1255 1586 profecto

133 1588 310 1635 erudivit,
331 1588 579 1640 nequaquam
605 1586 694 1626 satis
720 1600 815 1634 esse,
833 1587 963 1639 ipsum
988 1588 1099 1626 hasce
1115 1589 1256 1627 habere

131 1642 306 1690 virtutes,
326 1642 392 1681 sed.
409 1655 487 1680 esse
505 1641 887 1693 circumspiciendum
901 1642 1115 1693 diligenter,
1135 1650 1194 1690 ut,
1214 1643 1255 1681 in

136 1698 217 1736 hac*
240 1696 413 1735 mstodia
444 1695 674 1757 provinciae,
694 1708 772 1741 non
798 1702 836 1734 te
863 1709 1002 1745 unum,
1032 1696 1098 1734 sed
1122 1709 1256 1735 omnes

136 1750 330 1790 ministros
347 1750 499 1802 imperii
514 1750 585 1798 tui,
601 1749 724 1797 sociis,
738 1757 775 1788 et
787 1750 946 1799 civibus,
968 1758 1004 1788 et
1022 1750 1255 1813 reipublicae,

135 1812 314 1868 praestare
331 1803 493 1842 vidaere.
522 1804 776 1855 Quamquam
792 1804 937 1855 legatos
954 1804 1072 1843 habes
1092 1817 1168 1854 eos,
1188 1806 1257 1856 qui

133 1859 215 1912 ipsi
232 1871 300 1911 per
319 1871 359 1896 se
376 1858 546 1896 habituri
563 1858 639 1896 sint
657 1858 843 1896 rationem
861 1858 1056 1909 dignitatis
1075 1873 1179 1905 suae3
1209 1859 1258 1897 de

135 1913 295 1966 quibus,
310 1913 453 1951 honore
472 1920 510 1950 et
527 1912 713 1964 dignitate
731 1919 769 1951 et
783 1919 893 1950 aetate
911 1920 1065 1963 praestat
1078 1913 1252 1961 Tubero,

135 1980 256 2022 quem
275 1980 345 2019 ego
363 1966 537 2014 arbitror,
551 1966 761 2018 praesertim
776 1979 865 2004 cum
885 1967 1024 2005 scribat
1041 1967 1255 2014 historiam,

134 2023 280 2062 multos
310 2034 359 2060 ex
384 2020 461 2059 suis
490 2021 691 2059 annalibus
716 2033 826 2072 posse
844 2020 1022 2072 deligere,
1043 2033 1139 2073 quos
1164 2021 1258 2059 velit

133 2084 176 2117 et
202 2075 322 2128 possit
345 2074 511 2113 imitari.
543 2075 723 2114 Allienus
752 2082 882 2113 autem
911 2082 1038 2113 noster
1067 2082 1136 2122 est,
1167 2087 1257 2113 cum

130 2131 265 2170 animo
294 2138 332 2169 et
359 2127 635 2177 benevolentia,
667 2136 752 2167 tum
783 2142 872 2167 vero
899 2129 1015 2167 etiam
1043 2128 1257 2167 imitatione

138 2183 303 2224 vivendi.
335 2184 441 2222 Nam
463 2183 557 2235 quid
585 2196 656 2235 ego
679 2183 728 2222 de
755 2183 931 2222 Gratidio
952 2182 1077 2221 dicam
1090 2182 1109 2219 ?
1137 2195 1255 2234 quem

137 2239 333 2280 certorscio
350 2238 405 2277 ita
417 2238 588 2277 laborare
606 2238 654 2277 de
673 2237 953 2277 existimatione
965 2237 1048 2286 sua,
1062 2244 1120 2285 ut,
1141 2249 1258 2288 prop-

869 2293 894 2328 2
915 2302 943 2329 A
963 2292 988 2328 3
