1467 2401
345 84 427 124 AD
455 83 747 124 ATTICUM.
779 84 878 123 Lm.
898 84 954 123 X.
987 86 1049 123 14.
1205 84 1259 123 63

192 191 269 232 Sed
282 190 365 230 haec
381 193 627 237 omittamus3
642 192 690 231 de
703 193 812 231 nobis
830 193 978 244 aliquid
989 205 1162 244 agamus.
1190 192 1260 232 Ab

139 245 247 285 Axio
265 246 393 298 accepi
410 246 550 285 literas.
596 246 659 284 De
676 247 821 285 Tirone
839 256 1006 298 gratum.
1044 247 1262 286 Vectenum

140 300 271 351 diligo.
302 300 478 339 Vestorio
495 300 654 339 reddidi.
686 301 840 340 Servius
857 301 980 352 pridie
1006 301 1141 339 Nonas
1160 300 1263 339 Maii

139 353 355 393 Minturnis
372 354 557 393 mansisse
574 355 727 404 dicitur,
742 355 855 394 hodie
873 355 913 393 in
933 354 1134 393 Liternino
1151 367 1264 393 man-

138 421 249 447 surus
267 408 372 460 apud
399 409 443 447 C.
466 408 712 447 Marcellum.
756 408 850 448 Cras
873 409 991 460 igitur
1015 421 1083 447 nos
1111 417 1262 447 mature

138 461 309 508 videbit3
339 463 514 514 mihique
533 463 639 501 dabit
653 471 923 514 argumentum
941 463 990 500 ad
1010 472 1046 501 te
1065 463 1232 514 epistolae
1246 478 1258 501 ε

133 516 218 565 jam
236 516 339 554 enim
358 529 435 554 non
455 517 615 568 reperio,
637 518 741 569 quod
760 517 830 555 tibi
849 518 1023 556 scribam.
1068 517 1174 555 Illud
1192 516 1261 555 ad-

137 569 268 616 miror,
303 570 408 622 quod
431 571 629 609 Antonius
648 572 697 609 ad
716 584 779 610 me
809 584 858 610 ne
886 571 1068 609 nuntium
1088 571 1260 623 quidem,

138 635 227 663 cum
245 625 456 676 praesertim
468 637 531 663 me
543 625 652 663 valde
664 625 882 664 observarit.
911 625 1102 664 Videlicet
1113 625 1261 676 aliquid

137 678 303 717 atrocius
328 678 375 716 de
399 691 463 717 me
484 679 718 730 imperatum
749 688 828 718 est:
861 692 988 718 coram
1007 692 1145 730 negare
1163 679 1262 717 mihi

137 743 214 770 non
225 732 337 778 vult3
368 733 472 785 quod
491 746 561 784 ego
579 746 649 772 nec
676 742 878 785 rogaturus
896 747 1015 782 eram,
1035 746 1118 780 nec,
1140 733 1171 771 si
1188 733 1263 770 im-

136 786 362 837 petrassem,
383 787 608 826 crediturus.
649 788 689 826 N
694 801 735 827 os
754 797 884 827 tamen
903 787 1051 840 aliquid
1069 787 1261 838 excogita-

135 839 276 879 bimus.

191 894 272 943 Tu,
293 908 436 946 quaeso,
451 895 483 933 si
503 896 598 947 quid
616 897 656 934 in
677 897 901 948 Hispaniis:
929 898 1012 946 jam
1032 897 1135 935 enim
1153 902 1261 948 pote-

136 947 186 986 rit
213 949 362 986 audiri:
394 958 431 988 et
449 963 581 989 omnes
600 951 654 989 ita
673 959 908 1002 exspectant,
929 959 984 995 ut,
1006 951 1037 990 si
1060 959 1160 989 recte
1177 950 1261 988 fue-

137 1001 200 1050 rit,
220 1003 318 1041 nihil
342 1004 486 1055 negotii
504 1004 681 1043 futurum
706 1012 854 1057 putent.
897 1005 985 1056 Ego
1015 1013 1144 1043 autem
1174 1017 1258 1051 nec,

136 1057 291 1095 retentis
319 1056 394 1105 his,
426 1058 636 1098 confectam
669 1072 752 1097 rem
778 1067 899 1110 puto3
929 1072 1068 1111 neque,
1096 1058 1258 1106 amissis,

136 1109 385 1161 desperatam.
416 1112 556 1151 Silium
576 1122 612 1152 et
631 1113 822 1161 Ocellam,
843 1124 880 1152 et
894 1122 1059 1161 caeteroS,
1080 1113 1190 1152 credo
1202 1125 1262 1151 re-

136 1164 314 1203 tardatos.
344 1165 403 1204 Te
430 1180 584 1218 quoque
610 1181 632 1206 a
655 1166 791 1207 Curtio
809 1167 987 1220 impediri
1006 1167 1143 1206 video:
1174 1166 1258 1215 etsi,

136 1225 180 1256 ut
198 1218 347 1270 opinor,
368 1219 485 1258 habes
506 1229 649 1265 κελητα
665 1237 796 1259 ozon-mv.

353 1382 468 1435 (14.)
500 1383 713 1423 CICERO
741 1384 959 1424 ATTICO
989 1386 1029 1425 S.

189 1489 228 1529 Ο
244 1490 364 1529 vitam
382 1492 560 1530 miseram
576 1493 587 1530 l
618 1494 823 1544 majusque
840 1494 1006 1541 malum,
1026 1501 1106 1532 tam
1127 1493 1194 1532 diu
1212 1493 1260 1532 ti-

136 1556 254 1593 mere,
276 1558 394 1596 quam
415 1555 470 1584 est
490 1546 588 1584 illud
605 1546 736 1598 ipsum
756 1548 860 1599 quod
879 1548 1060 1586 timetur!
1092 1548 1259 1596 Servius,

139 1599 203 1650 (ut
220 1607 331 1637 antea
342 1600 490 1651 scripsi)
507 1613 597 1638 cum
616 1602 779 1639 venisset
799 1602 924 1640 Nonis
944 1602 1059 1650 Maii,
1080 1602 1261 1653 postridie

135 1652 186 1691 ad
211 1665 275 1692 me
304 1654 418 1692 venit.
461 1655 524 1693 Ne
541 1654 686 1693 diutius
706 1663 743 1694 te
763 1663 928 1705 teneam,
949 1657 1096 1694 nullius
1116 1656 1263 1694 consilii

137 1706 286 1745 exitum
300 1707 530 1747 invenimus.
561 1710 778 1761 Nunquam
800 1710 878 1749 vidi
896 1710 1093 1749 hominem
1112 1718 1262 1761 pertur-

138 1760 324 1800 batiorem
335 1770 443 1800 metu
459 1777 469 1800 ε
501 1776 627 1815 neque
643 1764 831 1816 (hercule)
851 1765 1066 1817 quidquam
1085 1765 1259 1812 timebat,

134 1815 241 1866 quod
258 1828 336 1854 non
356 1825 452 1855 esset
477 1817 718 1856 timendum:
748 1818 862 1857 illum
882 1819 954 1857 sibi
981 1820 1138 1867 iratum,
1158 1818 1263 1857 hunc

136 1880 215 1907 non
238 1870 436 1917 amicum3
466 1872 689 1910 horribilem
715 1873 914 1924 utriusque
932 1874 1144 1920 victoriam,
1171 1885 1262 1911 cum

135 1931 290 1974 propter
307 1925 462 1963 alterius
481 1927 757 1975 crudelitatem,
772 1927 925 1966 alterius
940 1928 1154 1973 audaciam,
1174 1935 1260 1965 tum

136 1986 290 2029 propter
308 1979 506 2031 utriusque
525 1980 790 2019 difficultatem
808 1983 1074 2033 pecuniarum,
1087 1982 1166 2033 qua
1179 1981 1260 2019 erui

136 2042 345 2084 nusquam,
376 2034 449 2072 nisi
473 2048 521 2073 ex
547 2035 783 2086 privatorum
803 2036 926 2083 bonis,
946 2044 1083 2088 posset.
1126 2037 1261 2086 Atque

137 2084 219 2124 haec
243 2086 298 2125 ita
316 2089 448 2127 multis
467 2102 555 2127 cum
575 2089 754 2141 lacrymis
772 2090 1014 2142 loquebatur,
1034 2099 1080 2129 ut
1099 2102 1168 2141 ego
1187 2089 1260 2126 mi-

138 2151 253 2188 rarer,
270 2154 332 2180 eas
351 2150 431 2180 tam
450 2143 634 2182 diuturna
654 2144 807 2183 miseria
826 2157 903 2182 non
924 2145 1124 2183 exaruisse.
1155 2142 1262 2181 Mihi

139 2193 296 2244 quidem
312 2196 427 2235 etiam
445 2197 637 2249 lippitudo
656 2198 750 2247 haec,
771 2206 926 2250 propter
945 2212 1064 2250 quam
1083 2210 1160 2237 non
1179 2197 1261 2249 ipse
