1477 2365
239 86 305 127 30'
451 89 534 128 AD
563 88 841 131 ATTICUM.
871 89 970 128 Lm.
992 90 1069 129 lx.
1103 87 1166 128 13.

239 196 343 247 quod
357 209 426 247 ego
445 209 522 235 non
540 197 764 236 credebam:
795 197 861 236 sed
878 197 1001 236 habeo
1019 210 1043 235 a
1066 196 1192 235 Balbo
1208 196 1350 244 literas,

238 263 403 300 quarum
436 250 485 288 ad
517 258 554 288 te
582 251 803 302 exemplum
832 251 932 289 misi.
978 251 1098 301 Lege,
1136 263 1279 302 quaeso,
1311 258 1350 289 et

238 304 336 341 illud
354 303 531 341 infimum
551 312 665 355 caput
681 305 801 356 ipsius
819 305 937 343 Balbi
959 304 1110 355 optimi,
1130 304 1193 342 cui
1210 303 1361 343 Cnaeus—

239 366 364 396 noster
392 359 535 405 locum,
562 358 630 396 ubi
657 358 786 397 hortos
819 358 1032 405 aedificaret‚
1062 357 1194 395 dedit:
1235 369 1353 409 quem

238 411 299 448 cui
317 414 490 449 nostrum
508 424 585 449 non
614 425 713 463 saepe
740 412 943 463 praetulit?
973 410 1110 462 Itaque
1135 412 1251 449 miser
1273 418 1354 449 wr-

239 472 390 515 quetur.
427 465 516 511 Sed,
537 477 585 503 ne
608 466 667 503 bis
693 466 825 504 eadem
858 466 974 516 legas,
996 465 1046 502 ad
1063 465 1187 516 ipsam
1206 471 1244 502 te
1270 464 1354 515 epi·

239 519 377 556 stolam
406 519 547 568 rejicio.
584 520 701 570 Spem
732 527 860 557 auoem
891 519 996 570 pacis
1031 519 1154 556 habeo
1189 518 1351 556 nullam.

239 571 443 610 Dolabella
474 573 550 611 suis
577 572 708 620 literis,
743 573 879 611 Idibus
911 572 1031 610 Mart.
1060 571 1172 619 datis,
1198 583 1353 610 merum

237 625 384 663 bellum
403 626 583 677 loquitur.
613 626 844 665 Μ31183111115
863 639 952 677 ergo
968 627 1010 664 in
1028 626 1097 663 1113
1114 625 1250 664 eadem
1267 637 1357 663 sen-

238 679 357 717 tentia
368 680 507 718 misera
520 688 557 718 et
570 680 794 732 desperata;
825 680 979 732 quando
996 680 1069 718 hoc
1086 679 1261 718 miserius
1274 690 1358 718 esse

239 731 336 770 1111111
354 741 490 785 potest.

481 844 513 865 ‘4
532 843 681 880 Balbus
710 843 904 889 Ciceroni,
933 843 1038 892 Imp.
1066 843 1110 880 S.

293 952 321 971 “
342 949 470 988 Caesar
488 950 597 988 nobis
615 950 743 987 literas
761 950 961 1000 perbreves
976 948 1096 995 misit,
1111 961 1277 1000 quarum
1288 961 1356 987 ex-

239 1004 411 1054 emplum
437 1003 650 1054 subscripsi.
680 1002 873 1040 Brevitate
897 1002 1065 1053 epistolae
1089 1002 1182 1041 scire
1199 1003 1353 1054 poteris,

239 1069 328 1094 eum
354 1057 464 1094 valde
484 1070 562 1095 esse
580 1057 804 1103 distentum,
835 1056 902 1107 qui
923 1057 1030 1094 tanta
1048 1055 1097 1094 de
1113 1069 1154 1094 re
1172 1063 1252 1094 tam
1269 1057 1356 1094 bre-

239 1110 334 1148 viter
353 1109 552 1160 scripserit.
583 1110 624 1149 Si
643 1110 738 1161 quid
762 1116 943 1161 praeterea
966 1110 1056 1148 novi
1073 1109 1201 1158 fuerit,
1221 1110 1353 1149 statim

238 1163 308 1202 tibi
327 1163 532 1202 scribam.''

487 1273 516 1293 “
541 1272 671 1309 Cacsar
696 1272 835 1321 Oppio,
860 1273 1055 1320 Cornelio,
1077 1273 1120 1310 S.

291 1382 319 1401 “
339 1378 393 1416 A.
427 1378 466 1416 d.
497 1379 586 1417 VH
618 1379 677 1417 Id.
713 1379 834 1416 Mart.
873 1378 1127 1418 Brundisium
1159 1379 1247 1418 veni
1263 1393 1274 1417 ε
1303 1379 1354 1418 ad

237 1436 268 1454 ⁶⁶
278 1445 437 1470 murum
452 1441 571 1471 castra
582 1433 703 1484 posui.
721 1433 929 1484 Pompeius
944 1440 1000 1471 est
1010 1433 1221 1471 Brundisii.
1242 1433 1355 1472 Misit

237 1488 266 1508 ‘⁶
283 1486 332 1523 ad
356 1499 420 1524 me
441 1486 512 1525 Cn.
531 1486 710 1537 Magium
733 1487 780 1524 de
803 1500 907 1537 pace.
946 1486 1047 1534 Quae
1064 1487 1146 1525 visa
1170 1494 1274 1534 sunt,
1294 1500 1358 1525 re-

237 1542 266 1561 “
282 1539 430 1590 spondi.
467 1540 554 1578 Hoc
566 1553 631 1578 vos
654 1540 783 1578 statim
802 1541 895 1579 scire
907 1540 1024 1579 volui.
1057 1540 1160 1579 Cum
1184 1540 1226 1578 in
1245 1553 1354 1592 spem

235 1596 265 1614 ‘⁶
281 1605 431 1640 venero,
453 1593 500 1631 de
519 1594 788 1644 compositione
814 1594 961 1646 aliquid
982 1607 1046 1632 me
1063 1595 1258 1643 conficere,
1279 1600 1357 1633 sta-

237 1650 265 1668 “
282 1646 352 1684 tim
367 1659 433 1684 vos
451 1648 624 1686 certiores
641 1648 792 1686 faciam.
796 1648 823 1666 '’

291 1756 320 1776 ‘⁶
341 1753 546 1802 Quomodo
565 1768 628 1793 me
653 1768 756 1794 nunc
773 1763 901 1808 putas,
927 1756 985 1794 mi
1004 1755 1150 1804 Cicero,
1169 1756 1351 1808 torqueri,

233 1814 439 1858 postquam
465 1821 594 1847 rursus
619 1810 660 1847 in
679 1823 785 1861 spem
803 1810 907 1861 pacis
925 1810 1026 1858 veni,
1046 1822 1096 1848 ne
1115 1823 1194 1862 qua
1213 1823 1272 1849 res
1290 1823 1355 1849 eo-

235 1873 322 1898 rum
336 1862 647 1912 compositionem
665 1863 886 1914 impediat?
914 1864 1113 1915 Namque,
1141 1863 1246 1915 quod
1267 1865 1354 1903 abs-

237 1926 304 1952 ens
331 1914 452 1953 faeere
477 1928 648 1966 possum
681 1926 784 1968 opto.
820 1917 940 1965 Quod
965 1917 997 1956 si
1020 1917 1100 1956 una
1118 1930 1254 1959 essem,
1282 1917 1356 1956 ali-

235 1968 330 2019 quid
348 1968 503 2007 fortasse
529 1971 707 2020 proficere
732 1984 884 2022 possem
901 1970 1047 2011 videri:
1077 1983 1181 2011 nunc
1198 1983 1356 2023 exspec-

236 2021 376 2061 tatione
396 2022 550 2062 crucior.
