1498 2401
280 102 363 141 AD
394 104 675 143 A'rrrccm.
706 105 805 144 121ss.
828 105 946 144 XVI.
977 82 1014 144 οἱ
1133 108 1212 145 245

91 208 206 257 ceius,
225 210 294 262 qui
312 211 481 249 multum
495 212 616 250 utitur
627 213 767 262 Bruto,
781 215 962 262 narravit,
977 213 1091 252 illum
1104 215 1215 253 valde

90 264 245 312 morari,
261 277 339 302 non
354 266 678 317 tergiversantem,
692 268 758 306 sed
777 276 1076 320 exspectantem,
1096 269 1128 307 si
1146 269 1215 321 qui

89 317 185 356 sorte
203 330 322 357 casus.
352 319 492 371 Itaque
510 320 658 370 dubito,
679 334 730 360 an
748 323 963 361 Venusiam
982 323 1152 371 tendam,
1175 330 1214 361 et

88 370 144 408 ibi
160 379 376 424 exspectem
395 373 443 412 de
460 374 698 425 leg10nibus:
730 376 763 413 si
787 378 948 414 aberunt
967 380 1029 419 (ut
1048 377 1211 428 quidam

89 425 354 475 arbitrantur),
375 427 651 480 Hydruntem:
684 429 717 468 si
734 438 916 468 neutrum
937 431 1007 468 erit
1027 439 1213 480 ασφαλες,

90 479 224 517 eodem
242 488 420 519 revertar.
445 483 475 520 J
477 483 576 521 ocari
603 496 666 522 me
690 493 803 535 putas
817 485 835 521 P
864 484 1028 532 Moriar,
1050 484 1082 522 si
1109 485 1216 537 quis-

90 546 210 584 quam
227 547 292 574 me
309 542 425 585 tenet,
441 545 578 588 praeter
596 544 645 576 te.
675 538 834 576 Etenim
852 538 1099 590 circumspice
1116 554 1126 577 z
1149 539 1217 578 sed

90 594 178 625 ante
197 591 386 628 erubesco.

143 640 182 680 Ο
212 642 292 682 dioe
321 644 362 681 in
390 645 568 697 auspiciis
601 646 741 698 Lepidi
773 646 900 698 lepide
927 646 1147 698 descriptos,
1179 655 1218 686 et

87 702 177 747 apte
206 697 257 735 ad
288 699 490 737 consilium
513 701 656 740 reditus
687 701 835 747 nostri:
865 701 1018 752 Magna
1043 704 1133 751 ῥοπη
1165 701 1216 739 ad

87 749 404 800 proficiscendum
429 754 505 793 tuis
533 755 666 793 literis.
695 755 832 808 Atque
862 756 1014 793 utinam
1042 761 1082 793 te
1108 754 1214 793 mic!

23 850 25 852 ‚
90 803 181 851 Sed,
196 813 242 843 ut
259 807 468 847 conducere
481 809 647 861 putabis.

141 858 307 911 Nepotis
319 861 515 913 epistolam
525 870 713 915 exspecto.
740 863 916 915 Cupidus
930 863 996 901 ifle
1006 875 1184 901 meorum
1197 865 1216 899 ἓ

89 912 158 963 qui
176 926 235 963 ea,
255 915 397 967 quibus
418 917 589 956 maxime
608 933 757 968 γαυριω,
784 918 947 969 legenda
968 929 1047 955 non
1072 924 1184 968 putet
1198 919 1216 956 ?

89 973 128 1004 et
145 966 215 1015 ais,
242 972 328 1016 μετ’
347 985 522 1020 αμυμονα.
560 972 628 1009 Tu
646 984 735 1010 vero
755 987 904 1021 αμυμων
922 986 934 1009 2
963 971 1030 1009 ille
1057 971 1217 1023 quidem

89 1021 286 1070 αμβροτος.

143 1073 328 1115 Mearum
346 1078 592 1129 epistolarum
611 1080 721 1118 nulla
739 1086 796 1118 est
817 1093 1028 1126 συναγωγηε
1061 1078 1127 1117 sed
1147 1079 1218 1117 ha-

88 1129 154 1166 bet
180 1129 276 1169 Tiro
300 1131 419 1171 instar
451 1134 719 1186 septuaginta:
752 1141 788 1172 et
819 1133 977 1185 quidem
1006 1140 1095 1171 sunt
1124 1146 1148 1170 a
1180 1140 1219 1171 te

89 1183 269 1233 quaedam
300 1187 510 1226 sumendae.
550 1189 630 1226 Eas
661 1201 745 1239 ego,
778 1195 941 1240 oportet,
973 1186 1216 1240 perspiciam,

14 1239 19 1244 '
91 1237 302 1289 corrigam:
332 1247 418 1279 tum
433 1241 599 1295 denique
619 1241 791 1280 edentur.

322 1403 409 1452 (σ.)
440 1401 653 1443 CICERO
683 1402 899 1444 ATTICO
930 1404 971 1442 s,

141 1507 230 1561 Ego
248 1509 375 1550 adhuc
387 1512 558 1564 (perveni
573 1512 678 1550 enim
690 1512 887 1551 Vibonem
901 1512 951 1551 ad
965 1511 1111 1561 Sicam)
1133 1525 1217 1550 ma-

67 1563 148 1614 ‘gis
179 1565 379 1604 commode
403 1579 520 1618 quam
549 1574 702 1605 strenue
726 1567 929 1618 navigavi:
970 1567 1085 1605 remis
1115 1567 1219 1605 enim

88 1629 272 1668 magnam
290 1627 439 1670 partem
455 1635 466 1659 ε
487 1621 683 1672 prodromi
695 1622 807 1659 nuni.
838 1620 946 1659 luud
965 1621 1055 1660 satis
1075 1634 1217 1673 oppor-

88 1677 184 1709 tune
196 1686 208 1710 :
249 1672 326 1712 duo
344 1673 449 1712 sinus
467 1675 639 1723 fuerunt,
663 1688 760 1727 quos
787 1675 995 1714 transmitti
1013 1682 1216 1727 oporteret,

89 1725 290 1765 Paestanus
317 1735 355 1766 et
379 1729 638 1768 Vibonensis:
668 1737 879 1781 utrumque
904 1730 1068 1781 pedibus
1097 1729 1219 1781 aequis

88 1781 382 1820 transmisimus.
425 1783 530 1822 Veni
561 1783 679 1835 igitur
712 1783 761 1822 ad
793 1785 920 1823 Sicam
946 1791 1079 1822 octavo
1109 1783 1171 1822 die
1197 1796 1219 1821 e

90 1833 342 1886 Pompeiano,
376 1849 467 1875 cum
494 1851 620 1876 unum
653 1837 756 1876 diem
776 1837 900 1877 Veliae
938 1837 1188 1876 constitissem
1204 1851 1217 1875 ι

88 1888 158 1926 ubi
187 1889 345 1940 quidem
374 1890 432 1929 fui
463 1905 554 1930 sane
581 1892 746 1931 libenter
778 1892 882 1944 apud
902 1892 1101 1931 Thalnam
1129 1903 1218 1929 nos-

88 1948 194 1981 trum
207 1957 219 1980 ε
249 1956 320 1983 nec
337 1945 447 1996 potui
464 1946 583 1998 accipi
597 1946 681 1991 (ino
700 1947 854 1985 absente
871 1945 1102 1997 praesertim)
1121 1944 1218 1983 libe-

90 1996 219 2036 ralius.
250 1998 315 2037 IX
344 1998 429 2038 Cal.
455 2000 574 2052 igitur
598 2001 649 2040 ad
666 2001 824 2046 Sicam;
853 2000 909 2039 ibi
928 2007 1131 2051 tamquam
1150 1999 1219 2036 do-

89 2051 146 2088 mi
162 2063 260 2090 meae
278 2052 445 2093 scilicet:
465 2055 596 2107 itaque
614 2055 761 2094 obduxi
779 2062 977 2106 posterum
996 2054 1113 2092 diem.
1141 2052 1219 2092 Sed

89 2107 290 2155 putabam,
312 2120 402 2146 cum
421 2109 622 2161 Rhegium
640 2109 843 2159 venissem,
858 2109 954 2157 fore,
974 2115 1020 2146 ut
1046 2107 1140 2155 illic,
1163 2107 1218 2143 δο-

91 2166 191 2212 λιχον
202 2166 314 2198 moen
327 2165 529 2212 ὁρμαινοντε
535 2179 565 2210 ς,
579 2163 845 2215 cogitaremus,
859 2162 1053 2201 corbitane
1066 2162 1218 2206 Patras,

89 2224 139 2250 an
170 2213 384 2255 actuariolis
421 2215 470 2255 ad
509 2216 787 2270 Leucopetram
819 2216 1134 2264 Tarentinorum,
1161 2221 1219 2252 at-

868 2281 900 2308 Y
920 2271 945 2308 3
