1498 2401
389 112 474 151 AD
504 112 769 152 BRUTUM.
797 112 956 152 Ems'r.
973 113 1012 151 6.
1180 111 1258 150 351

329 219 420 272 (6.)
458 222 692 262 BRUTUS
721 221 1005 262 CICERONI
1034 221 1074 261 S.

192 329 520 380 (Argumentum.
533 353 588 360 —
602 331 829 383 Respondet
860 331 1030 383 epistolae
1055 328 1264 382 superiori:

135 382 325 435 Glycona,
353 385 549 423 medicum
565 385 716 433 Pansae,
743 394 788 424 ut
807 399 828 424 e
846 385 1018 424 custodia
1037 385 1187 437 eripiat,
1200 396 1263 422 ro-

136 444 228 488 gat;
258 438 456 488 Flavium,
471 440 540 491 qui
552 452 642 478 cum
655 440 937 491 Dyrrhachinis
954 440 1065 478 litem
1083 440 1266 486 habebat,

134 492 380 532 commendat
393 508 405 541 ς
437 502 488 543 et,
504 494 552 532 de
564 493 771 532 Dolabella
784 493 919 546 fugato
934 507 1120 546 caesoque,
1135 492 1269 532 certio-

136 558 220 584 rem
237 547 361 598 facit.)

189 654 286 694 Noli
304 664 535 709 exspectare,
557 656 654 695 dum
681 657 752 695 tibi
771 657 915 709 gratias
935 670 1061 711 agam.
1091 656 1121 695 J
1123 656 1269 708 ampri-

136 708 228 748 dem
258 710 331 750 hoc
358 725 406 750 ex
432 711 565 751 nostra
582 711 875 759 necessitudine,
897 725 986 764 quae
1003 711 1053 749 ad
1072 723 1269 750 summam

135 765 441 804 benevolentiam
460 766 648 818 pervenit,
674 767 872 805 sublatum
891 779 971 805 esse
989 765 1114 805 debet.
1145 765 1271 803 Filius

136 824 227 856 tuus
246 832 270 857 a
287 832 352 859 me
370 822 488 859 abest.
519 821 570 859 In
590 820 823 859 Macedonia
841 820 1144 872 congrediemur.
1175 820 1204 858 J
1207 833 1271 857 us-

137 886 203 911 sus
223 881 279 912 est
297 875 402 913 enim
419 875 635 914 Ambracia
660 875 800 914 ducere
821 875 968 927 equites
987 888 1056 927 per
1074 874 1272 912 Thessali-

137 940 229 974 am;
261 936 299 967 et
317 929 449 981 scripsi
467 929 517 968 ad
536 942 642 977 eum,
668 937 713 968 ut
731 929 830 968 mihi
850 929 1080 968 Heracleam
1099 941 1273 967 occurre-

136 989 208 1020 ret.
239 982 343 1021 Cum
357 997 447 1022 eum
460 984 604 1031 videro,
618 984 804 1035 quoniam
823 984 933 1022 nobis
952 983 1157 1035 permittis,
1168 995 1273 1021 com-

135 1036 308 1076 muniter
327 1038 604 1077 constituemus
623 1038 671 1076 de
700 1038 826 1077 reditu
850 1039 934 1089 ejus
953 1038 1003 1077 ad
1029 1037 1269 1090 petitionem,

138 1098 207 1129 aut
224 1091 275 1130 ad
294 1093 668 1132 commendationem
681 1092 849 1132 honoris.

194 1145 291 1185 Tibi
340 1147 530 1199 Glycona,
568 1147 766 1186 medicum
803 1148 956 1195 Pansae,
1000 1146 1069 1199 qui
1105 1158 1272 1185 sororem

138 1199 336 1240 Achilleos
354 1202 474 1240 nostri
491 1202 532 1240 in
555 1201 802 1240 matrimonio
823 1201 954 1249 habet,
980 1200 1274 1253 diligentissime

137 1256 378 1294 commendo.
408 1257 625 1306 Audimus,
658 1269 750 1295 eum
768 1256 916 1295 venisse
945 1256 987 1294 in
1017 1255 1274 1307 suspicionem

139 1308 342 1362 Torquato
361 1310 409 1349 de
426 1318 550 1350 morte
571 1311 723 1358 Pansae,
751 1311 1024 1362 custodirique,
1053 1318 1100 1348 ut
1117 1309 1276 1362 particio

137 1362 243 1402 dam.
274 1364 392 1403 Nihil
408 1365 538 1404 minus
557 1365 793 1404 credendum
812 1372 880 1404 est.
910 1365 1010 1413 Quis
1030 1365 1133 1403 enim
1150 1364 1276 1413 majo-

136 1430 220 1456 rem
239 1419 498 1458 calamitatem
516 1428 640 1459 morte
654 1420 794 1458 Pansae
808 1420 952 1471 accepit
969 1422 986 1458 ἓ
1018 1420 1208 1458 Praeterea
1220 1427 1277 1456 est

131 1472 336 1512 modestus
360 1473 493 1522 homo,
515 1482 552 1514 et
576 1474 705 1525 frug-13
737 1487 855 1526 quem
876 1487 925 1512 ne
949 1474 1096 1512 utilitas
1115 1472 1275 1525 quidem

138 1526 315 1566 videatur
343 1528 561 1580 impulsura
592 1529 710 1567 fuisse
744 1529 793 1567 ad
822 1529 984 1567 facinus.
1020 1529 1134 1579 Rogo
1160 1535 1212 1574 te,
1238 1533 1275 1564 et

141 1581 301 1632 quidem
320 1583 432 1621 valde
451 1596 558 1635 rogo,
587 1587 697 1627 (nam
716 1583 920 1622 Achilleus
944 1590 1072 1621 noster
1096 1594 1175 1620 non
1200 1581 1276 1619 mi-

140 1647 230 1681 nus,
252 1649 373 1688 quam
393 1651 550 1689 aequum
571 1645 640 1684 est,
661 1638 828 1683 laborat)
849 1638 986 1689 eripias
1005 1650 1096 1676 eum
1115 1650 1164 1675 ex
1191 1649 1276 1674 cus-

140 1690 262 1738 todia,
281 1703 566 1744 conservesque.
597 1692 686 1731 Hoc
702 1705 771 1744 ego
789 1693 839 1730 ad
852 1705 987 1731 meum
1005 1691 1179 1730 officium
1198 1690 1278 1742 pri-

141 1751 320 1783 vatarum
339 1759 470 1785 rerum
489 1760 612 1800 aeque,
634 1754 751 1800 atque
763 1748 886 1785 ullam
906 1747 1023 1785 aliam
1041 1759 1139 1795 rem,
1160 1744 1278 1797 perti-

142 1810 233 1838 nere
251 1800 424 1839 arbitror.

197 1853 301 1892 Cum
319 1855 390 1893 has
410 1854 460 1894 ad
478 1862 515 1893 te
535 1855 737 1895 scriberem
755 1856 898 1905 literas,
920 1857 969 1894 ab
992 1855 1131 1903 Satrio,
1151 1854 1279 1904 legato

143 1905 191 1946 C.
211 1908 413 1957 Trebonii,
444 1909 596 1948 reddita
625 1918 680 1949 est
710 1911 810 1948 mihi
839 1911 1014 1963 epistola,
1044 1923 1067 1948 a
1088 1908 1211 1946 Tfflio
1241 1915 1278 1945 et

141 1961 340 2012 Deiotaro,
356 1963 602 2002 Dolabellam
615 1978 756 2003 caesum
770 1965 1030 2016 fugatumque
1044 1976 1134 2002 esse.
1166 1962 1278 2000 Grae-

143 2029 234 2064 cam⁸
248 2017 450 2069 epistolam
466 2019 538 2057 tibi
555 2019 644 2057 misi
653 2019 839 2071 Cycherei
858 2019 1075 2070 cujusdam,
1091 2016 1142 2056 ad
1161 2015 1283 2055 Satri-

142 2083 212 2109 um
231 2083 403 2110 missam.

197 2125 356 2165 Flavius
374 2134 516 2177 noster,
542 2128 590 2167 de
614 2128 870 2168 controversia
900 2140 1020 2180 quam
1046 2127 1164 2164 habet
1187 2137 1278 2163 cum

142 2178 423 2231 Dyrrhachinis
441 2181 737 2230 haereditariam,
759 2183 898 2221 sumsit
921 2191 960 2221 te
974 2181 1160 2231 judicem.
1195 2180 1280 2218 Ro-

140 2246 190 2285 go
210 2241 261 2283 te,
282 2235 430 2282 Cicero,
452 2243 489 2276 et
509 2236 669 2276 Flavius
688 2244 812 2289 rogat,
833 2250 917 2276 rem
936 2235 1129 2276 conficias.
1168 2232 1281 2282 Quin
