1477 2365
304 79 388 119 AD
415 78 702 118 ATTICUM.
731 77 832 116 LIB.
855 77 932 116 IX.
966 78 1026 116 10.
1173 78 1225 116 23

109 192 185 232 tius
212 190 254 229 in
276 188 395 228 literis
413 187 528 226 VIII
549 186 708 224 calend.
735 185 858 224 Mart.
882 185 1005 224 datis:
1039 188 1068 208 “
1088 186 1130 225 Si
1159 185 1223 225 M*

109 244 279 297 Lepidus
297 250 334 282 et
352 243 401 281 L.
415 241 614 280 Volcatius
632 248 844 287 remanent,
857 240 1095 278 manendum
1113 248 1223 291 puto,

108 301 162 339 ita
179 305 237 347 ut,
258 298 289 336 si
307 297 433 336 salvus
453 296 501 334 sit
521 295 743 346 Pompeius,
775 302 811 333 et
829 294 1038 333 constiterit
1066 295 1222 341 alicubi,

105 353 205 392 hanc
237 366 370 388 νεκυιαν
406 350 627 401 relinquas3
659 357 708 386 ‘et
741 355 778 386 te
809 349 850 386 in
886 349 1091 387 certamine
1124 347 1224 387 vinci

106 420 194 447 cum
212 406 279 444 illo
293 404 442 443 facilius
461 402 629 455 patiaris,
652 416 770 454 quam
790 415 877 441 cum
897 402 969 440 hoc
996 403 1035 440 in
1057 403 1114 449 ea,
1137 416 1224 454 quae

105 460 330 514 perspicitur
347 458 492 505 futura,
506 457 667 495 colluvie
683 457 878 508 regnare.''
899 456 1033 494 Multa
1051 456 1223 507 disputas

104 515 194 554 huic
226 512 420 552 sententiae
451 510 724 550 convenientia.
769 511 868 549 Inde
905 510 953 548 ad
991 518 1222 557 extremum,

106 572 135 593 ‘⁶
155 567 264 616 Quid
291 567 366 614 si,”
399 565 540 617 inquis,
577 567 605 587 “
626 564 798 615 Lepidus
826 572 863 602 et
881 564 1081 603 Volcatius
1105 565 1224 603 disce-

103 622 235 661 dunt?
263 621 378 673 plane
398 635 533 670 απορω.
564 618 682 666 Quod
703 618 869 657 evenerit
893 618 1024 669 igitur,
1056 627 1092 657 et
1119 619 1220 669 quod

101 676 236 728 egeris,
270 675 311 713 id
344 688 540 724 στερκτεον
576 673 763 724 putabo.”
810 672 851 711 Si
887 680 974 710 tum
1011 671 1221 721 dubitaras,

100 742 205 769 nunc
223 736 320 768 certe
337 740 414 766 non
434 727 600 772 dubitas,
621 727 704 764 istis
722 727 978 765 manentibus.

157 783 310 823 Deinde
337 783 378 820 in
406 781 491 832 ipsa
520 780 613 832 fuga
631 781 671 819 V
690 781 773 819 Cal.
791 781 984 819 Martias:
1018 783 1046 803 “
1068 782 1220 820 Interea

98 851 178 877 non
197 837 345 885 dubito,
367 836 461 888 quin
485 835 526 873 in
545 835 753 873 Formiano
775 847 980 874 mansurus
1007 835 1067 874 sis.
1101 834 1220 874 Corn-

99 892 319 931 mOdiSSime
335 891 438 929 enim
453 904 494 926 το
508 896 647 938 μελλον
662 889 716 928 ibi
730 889 1032 939 καραδοκησεις.”
1051 890 1120 927 Ad
1136 890 1220 928 Cal.

98 945 278 991 Martias,
308 957 397 984 cum
424 943 490 981 ille
515 943 696 994 quintum
720 945 802 993 jam
820 942 922 981 diem
941 943 1142 982 Brundisii
1163 958 1219 983 es-

99 1008 182 1040 set:
214 1003 244 1023 “
264 1000 374 1038 Tum
403 997 612 1050 poterimus
637 997 858 1045 deliberare,
887 1009 964 1035 non
991 997 1131 1036 scilicet
1159 999 1220 1037 in-

96 1054 204 1106 tegra
221 1067 275 1102 re,
294 1052 361 1092 sed
379 1059 477 1091 certe
500 1051 630 1089 minus
649 1051 824 1099 infracta,
846 1063 964 1102 quam
980 1051 1011 1089 si
1033 1053 1113 1090 una
1131 1066 1220 1104 pro-

95 1108 230 1159 jeceris
248 1107 326 1146 te,'‘
355 1105 506 1144 Deinde
521 1105 584 1144 IV
600 1106 735 1144 Nonas
750 1105 929 1153 Martias,
943 1106 1008 1141 ὑπο
1022 1121 1086 1147 την
1101 1109 1216 1151 ληψιν

94 1175 186 1202 cum
196 1161 359 1200 breviter
371 1160 561 1207 scriberes,
577 1166 706 1198 tamen
725 1160 835 1211 ponis
854 1159 950 1197 hoc:
976 1161 1003 1181 ‘⁶
1021 1159 1115 1198 Cras
1128 1161 1218 1198 scri-

93 1218 186 1256 bam
214 1216 340 1267 plura,
368 1222 405 1253 et
431 1214 480 1252 ad
508 1214 661 1252 omnia:
707 1213 780 1252 hoc
811 1221 942 1251 tamen
968 1212 1108 1262 dicam,
1139 1227 1216 1253 non

91 1270 274 1323 poenitere
304 1282 369 1307 me
400 1267 546 1307 consilii
574 1268 622 1306 de
647 1267 715 1306 tua
739 1267 964 1305 mansione:
995 1274 1045 1315 et,
1078 1281 1217 1318 quam-

92 1337 212 1377 quam
228 1323 372 1374 magna
391 1321 657 1369 sollicitudine,
684 1328 814 1359 tamen
838 1321 947 1373 (quia
973 1321 1102 1359 minus
1121 1323 1216 1361 mali

91 1386 186 1431 puto
204 1390 296 1425 esse,
317 1390 436 1429 quam
454 1376 495 1414 in
509 1374 576 1414 illa
589 1376 837 1427 profectione)
848 1388 987 1414 maneo
1004 1375 1046 1413 in
1064 1383 1214 1415 senten-

90 1432 160 1481 tia,
181 1438 218 1471 et
235 1431 383 1483 gaudeo
401 1438 439 1469 te
456 1429 685 1469 mansisse.’'
767 1439 771 1443 ·

146 1486 249 1525 Cum
267 1498 356 1524 vero
371 1486 454 1535 jam
473 1497 644 1536 angerer,
660 1491 698 1523 et
715 1484 906 1531 timerem,
926 1496 975 1522 ne
994 1483 1088 1535 quid
1107 1498 1130 1522 a
1148 1498 1212 1525 me

91 1539 281 1579 dedecoris
296 1546 391 1581 esset
408 1539 633 1586 admissum,
655 1539 725 1577 III
741 1539 875 1577 Nonas
887 1538 1065 1587 Martias,
1088 1542 1116 1561 ‘⁴
1131 1539 1212 1578 Ta-

90 1607 195 1643 men,
213 1600 251 1632 te
269 1606 346 1632 non
372 1606 452 1632 esse
475 1593 554 1631 una
579 1606 669 1631 cum
695 1593 895 1644 Pompeio,
915 1604 992 1630 non
1021 1592 1101 1630 fero
1125 1606 1210 1633 mo-

88 1649 193 1687 leste.
236 1648 375 1686 Postea
406 1648 439 1686 si
468 1660 564 1700 opus
595 1647 725 1694 fuerit,
752 1659 830 1685 non
862 1646 933 1685 erit
960 1645 1140 1694 difficile3
1171 1656 1210 1687 et

88 1702 160 1751 illi,
180 1714 336 1754 quoquo
367 1709 538 1753 tempore
568 1701 648 1749 fiet,
682 1700 752 1739 erit
780 1715 1009 1750 ασμενιστον.
1038 1700 1114 1739 Sed
1135 1702 1209 1741 hoc

87 1756 143 1796 ita
170 1755 268 1804 dico,
300 1756 332 1794 si
359 1755 435 1803 hic,
466 1755 544 1808 qua
573 1755 719 1794 ratione
750 1755 906 1793 initium
936 1754 1039 1802 fecit,
1071 1754 1207 1794 eadem

85 1817 220 1850 caetera
243 1817 343 1861 aget,
377 1810 533 1857 sincere,
564 1816 786 1861 temperate,
819 1807 1054 1860 prudentem
1098 1810 1208 1848 valde

86 1864 229 1911 videro,
249 1871 288 1902 et
305 1863 575 1902 consideratius
593 1864 751 1902 utilitati
776 1870 913 1901 nostrae
940 1863 1207 1902 consuluero.”

86 1917 150 1958 VI
154 1919 175 1957 Ι
194 1917 289 1956 Idus
318 1918 496 1966 Martias,
517 1917 660 1966 scribis,
678 1917 864 1956 Peducaeo
888 1929 1042 1968 quoque
1073 1925 1202 1956 nostro

84 1971 251 2024 probari,
282 1972 387 2024 quod
421 1972 615 2025 quierim3
656 1973 765 2022 cujus
800 1970 1001 2010 auctoritas
1029 1972 1201 2010 multum

82 2026 187 2078 apud
204 2038 268 2064 me
281 2026 390 2064 valet.

139 2079 214 2118 His
242 2092 311 2131 ego
337 2080 413 2119 tuis
441 2080 588 2132 scriptis
614 2093 679 2119 me
707 2081 890 2128 consolor,
910 2086 955 2118 ut
978 2079 1076 2118 nihil
1094 2093 1117 2118 a
1136 2092 1199 2118 me

41 2130 53 2135 ’
82 2132 207 2172 adhue
225 2133 406 2173 delictum
423 2142 570 2186 putem.
600 2136 667 2174 Tu
686 2135 801 2173 modo
812 2134 1074 2173 auctoritatem
1088 2141 1196 2172 tuam

80 2186 299 2232 defendit03
335 2188 514 2228 adversus
543 2202 621 2234 me,
656 2189 752 2227 nihil
783 2202 882 2240 opus
905 2196 983 2227 est:
1015 2187 1079 2226 sed
1106 2201 1196 2226 con-
