1498 2401
285 64 371 103 AD
398 63 691 106 ATTICUM.
721 67 821 105 LIB.
852 65 971 105 XVI.
1001 67 1039 103 2.
1150 67 1229 107 239

105 171 233 225 urgeri
264 173 410 212 acriter.
442 173 523 223 Tu,
557 188 606 213 ex
636 175 734 214 meis
758 175 892 222 literis,
923 187 1001 225 quo
1026 175 1142 214 modo
1170 189 1229 214 re-

102 226 303 279 spondeas,
323 227 581 267 moderabere.
612 229 747 277 Plura,
768 242 858 268 cum
877 236 914 267 et
933 228 1104 268 Brutum
1123 229 1228 268 vide-

101 294 159 331 ro,
180 288 217 320 et
236 281 398 320 Erotem
416 283 623 322 remittam.

154 334 295 374 Atticae
324 349 422 375 meae
447 338 730 376 excusationem
761 337 918 389 accipio,
948 351 1112 391 eamque
1137 351 1226 378 amo

101 389 344 441 plurimum.
375 391 452 441 cui,
473 398 511 430 et
529 392 655 441 Piliae,
676 392 851 430 salutem.

331 553 421 606 (2.)
453 553 665 595 CICERO
695 553 918 594 ATTICO
947 555 986 593 S.

149 662 266 701 Sexto
298 662 409 711 Idus,
436 663 533 702 duas
565 663 744 714 epistolas
773 664 914 715 accepi,
941 676 1062 702 unam
1088 677 1111 702 a
1136 677 1222 703 meo

96 716 308 764 tabellario,
329 717 490 756 alteram
504 731 528 756 a
545 718 673 756 Bruti.
703 717 766 756 De
784 719 1001 757 Buthrotiis
1014 719 1128 770 longe
1148 719 1224 757 alia

94 771 201 810 fama
218 771 260 809 111
286 771 346 810 his
364 772 456 810 locis
481 772 629 810 fuerat.
620 787 629 795 ·
662 772 741 819 sed,
766 786 856 811 cum
879 772 964 811 aliis
981 773 1130 820 multis,
1150 773 1223 812 hoc

95 824 310 863 ferendum.
339 825 500 864 Erotem
518 826 648 865 remisi
665 826 777 865 citius
796 839 914 878 quam
935 827 1221 875 constitueram,

94 886 140 918 ut
169 886 277 926 esset,
306 879 374 931 qui
400 880 636 927 Hortensi03
667 888 705 918 et
730 881 821 933 quia
844 881 1037 932 equitibus
1064 880 1223 933 quidem

95 933 150 972 ait
168 946 207 972 se
227 933 362 972 Idibus
380 934 630 973 constituisse.
660 934 890 973 Hortensius
909 949 998 974 vero
1016 935 1223 987 impuden-

94 995 164 1026 ter.
194 988 308 1026 Nihil
332 989 436 1027 enim
462 988 623 1027 debetur
646 989 694 1037 ei,
723 989 798 1027 nisi
816 1002 864 1028 ex
892 990 1003 1028 tertia
1022 990 1220 1041 pensione,

95 1055 184 1094 quae
202 1049 258 1080 est
278 1042 362 1081 Cal.
386 1043 491 1082 Sext.
513 1056 561 1081 ex
590 1056 669 1094 qua
686 1044 868 1095 pensione
889 1043 973 1095 ipsa
990 1045 1115 1093 major
1132 1057 1221 1095 pars

94 1104 152 1136 aet
169 1096 204 1135 ei
222 1097 347 1135 soluta
365 1098 562 1150 aliquanto
581 1105 670 1136 ante
688 1097 803 1136 diem.
834 1098 911 1137 Sed
934 1098 1017 1136 haec
1034 1098 1135 1137 Eros
1161 1097 1219 1137 vi-

91 1151 197 1190 debit
217 1150 365 1190 Idibus.

147 1206 211 1244 De
242 1206 412 1244 Ρ111111110
437 1213 584 1253 autem,
611 1206 716 1258 quod
741 1206 924 1258 perscribi
941 1213 1103 1258 oportet,
1135 1218 1220 1245 mo-

92 1272 177 1299 ram
213 1271 292 1298 non
327 1268 424 1312 puto
458 1273 537 1299 esse
570 1260 797 1299 faciendam.
828 1260 918 1309 Sed,
952 1273 1043 1300 cum
1075 1260 1217 1309 videas,

91 1321 283 1366 quantum
312 1315 361 1353 de
386 1316 474 1364 jure
503 1323 631 1353 nostro
655 1314 940 1362 decesserimus,
971 1315 1039 1367 qui
1062 1314 1109 1353 de
1127 1315 1220 1354 resi-

90 1368 177 1408 duis
207 1368 345 1407 CCCC
377 1369 449 1408 HS
477 1369 545 1408 CC
571 1369 772 1421 praesentia
803 1369 1043 1416 solverimus,
1072 1370 1222 1421 reliqua

88 1423 340 1462 rescribamus
355 1437 367 1470 3
387 1423 496 1475 loqui
511 1437 600 1462 cum
615 1437 674 1471 eo,
690 1424 723 1462 si
734 1423 939 1473 videbitur,
959 1423 1114 1475 poteris,
1129 1437 1220 1462 eum

89 1477 338 1516 commodum
368 1485 544 1517 nostrum
572 1486 789 1541 exspectare
818 1478 968 1525 debere,
993 1491 1083 1516 cum
1112 1485 1220 1517 tanta

52 1550 55 1551 ⁷
89 1532 139 1570 sit
157 1545 180 1570 a
197 1531 307 1570 nobis
318 1533 469 1582 jactura
484 1532 615 1571 facta
601 1533 710 1582 juris.
740 1532 830 1580 Sed,
847 1534 984 1571 amabo
1004 1540 1055 1581 te,
1070 1533 1127 1570 mi
1143 1533 1218 1571 At-

89 1586 175 1625 tice.
202 1585 388 1635 (videsne,
418 1600 538 1648 quam
557 1587 723 1626 blande.
711 1587 747 1634 ⁹)
778 1587 909 1625 01111113
926 1594 1067 1636 nostra,
1089 1586 1217 1638 quoad

92 1641 165 1679 eris
184 1641 337 1690 Romae,
356 1642 411 1680 ita
431 1642 567 1693 regim,
586 1643 813 1693 gubernato,
841 1649 886 1679 ut
909 1641 1008 1679 1111111
1026 1654 1050 1678 3
1066 1654 1131 1679 1118
1150 1655 1217 1680 ex-

91 1702 249 1746 spectes.
279 1694 535 1748 Quamquam
554 1697 658 1734 enim
676 1696 829 1757 relique
843 1695 933 1734 satis
951 1703 1041 1747 apta
1060 1703 1150 1733 sunt
1168 1695 1219 1734 ad

92 1749 344 1787 solvendum·
333 1764 345 1796 3
374 1758 505 1789 tamen
530 1751 574 1789 fit
602 1764 716 1802 saepe,
736 1758 781 1788 ut
803 1750 846 1798 11,
874 1750 943 1802 qui
964 1750 1118 1798 debent,
1138 1763 1217 1789 non

90 1803 343 1855 respondeant
372 1805 422 1843 ad
440 1814 604 1857 tempus.
634 1805 676 1844 Si
694 1804 791 1857 quid
816 1804 1006 1854 ejusmodi
1024 1804 1215 1852 acciderit,

89 1869 139 1896 ne
157 1858 251 1909 quid
270 1858 341 1896 tibi
355 1858 403 1898 sit
414 1859 521 1898 fam&
534 1858 620 1898 11183
636 1861 776 1911 potius.
807 1859 901 1897 Non
912 1858 1027 1896 modo
1042 1859 1212 1906 versura,

88 1925 224 1951 verum
249 1912 365 1952 etiam
383 1913 615 1963 venditione,
643 1914 676 1952 si
700 1914 755 1952 ita
773 1926 832 1952 res
850 1920 973 1965 coget,
993 1925 1063 1951 nos
1089 1912 1214 1951 vindi-

86 1966 203 2005 cabis.

141 2021 268 2060 Bruto
286 2028 364 2060 tuae
392 2021 512 2061 literae
529 2030 647 2075 gratae
666 2029 785 2061 erant.
816 2021 893 2060 Fui
912 2022 1016 2060 enim
1035 2020 1139 2073 apud
1164 2021 1212 2058 11-

85 2074 170 2113 111111
188 2076 332 2114 multas
349 2076 463 2115 horas
490 2077 529 2115 in
560 2077 719 2126 Neside,
754 2089 844 2115 cum
872 2076 990 2127 paulo
1009 2084 1098 2114 ante
1125 2083 1211 2114 tuas

84 2128 212 2168 literas
232 2130 471 2182 accepissem.
502 2131 698 2170 Delectari
721 2130 819 2168 mihi
849 2130 974 2168 Tereo
992 2129 1208 2176 videbatur,

85 2190 123 2221 et
140 2183 279 2223 habere
296 2186 482 2236 majorem
507 2185 640 2232 Accio,
667 2198 786 2237 quam
815 2184 998 2228 Antonio,
1031 2183 1208 2235 gratiam.
