1477 2365
370 85 454 123 AD
482 82 768 123 ATTICUM.
800 84 898 121 Lm.
919 73 1007 122 ix.
1038 85 1075 127 7.
1225 83 1271 125 13

157 195 239 233 tulo
257 193 490 243 investigabo
508 192 728 243 diligentius
745 207 755 230 z
785 191 825 230 id
844 190 1024 229 mandavi
1045 189 1269 236 Philotimo,

154 247 301 286 homini
320 246 423 292 forti,
440 260 482 285 ac
502 246 667 284 nimium
688 245 875 296 optimati.

206 301 438 339 Extremum
469 307 537 347 est,
565 308 610 337 ut
639 299 708 337 tibi
736 305 1008 375 argumentum
1035 298 1085 336 ad
1107 298 1272 336 scriben-

149 355 247 393 dum
266 354 423 392 fortasse
444 355 526 403 jam
545 353 669 391 desit:
701 354 790 401 (nec
809 353 912 390 enim
939 353 1015 390 alia
1044 352 1092 389 de
1110 365 1150 389 re
1169 364 1271 390 nunc

151 408 235 447 ulla
252 407 363 446 scribi
381 416 533 458 potest;
565 415 601 445 et
620 407 667 444 de
685 407 756 444 hac
772 407 895 458 quid
880 419 962 455 Jam
979 405 1175 456 amplius
1165 418 1270 443 mve-

150 461 226 500 niri
244 468 367 512 potest
384 460 421 510 ?)
451 461 517 499 sed
542 473 646 511 quon
635 461 726 498 iiam
749 469 786 498 et
815 460 1015 511 ingenium
1034 459 1267 510 suppeditat,

152 515 267 563 (dico,
297 514 526 575 mehercule,
551 522 595 552 ut
615 513 753 562 sentio)
782 522 818 552 et
838 526 958 560 amor,
980 526 1054 562 quo
1074 520 1111 551 et
1135 525 1268 551 meum

149 568 347 619 ingenium
367 568 545 607 incitatur
561 582 573 612 ;
604 581 732 619 perge,
753 576 797 606 ut
815 567 920 612 facis,
941 574 979 605 et
993 567 1126 614 scribe,
1146 578 1269 618 quan-

148 629 234 660 tum
252 630 370 673 potes.

147 713 150 717 ,
204 675 255 715 In
284 676 452 728 Epirum
479 674 584 727 quod
612 687 676 712 me
701 687 778 714 non
801 675 953 722 invitas,
983 674 1160 714 comitem
1190 686 1267 712 nou

154 730 375 776 molestum,
407 730 640 768 subirascor:
672 729 738 767 sed
762 730 871 767 vale:
901 741 1007 775 nam,
1034 736 1079 766 ut
1096 728 1167 766 tibi
1185 741 1268 765 am-

152 783 382 831 bulandum,
403 783 643 833 ungendum,
675 782 727 820 sic
756 783 854 820 mihi
886 782 1181 821 dormiendum:
1213 789 1267 819 et-

149 837 253 876 enim
270 837 389 875 literae
407 844 484 876 tuae
501 836 599 874 mihi
617 849 797 875 somnum
816 837 1040 875 attulerunt.

273 946 302 967 ‘⁴
323 946 472 984 Balbus
492 950 528 983 et
555 945 706 995 Oppius
737 946 779 984 S.
795 946 849 983 D.
867 946 934 982 M.
960 945 1152 983 Ciceroni.

204 1054 233 1076 “
248 1052 408 1092 Nedum
426 1052 629 1091 hominum
648 1052 872 1100 humilium,
889 1060 933 1092 ut
944 1066 1014 1091 nos
1033 1065 1180 1101 sumus,
1202 1053 1266 1091 sed

152 1107 268 1146 etiam
297 1107 622 1158 amplissimorum
645 1107 830 1156 virorum,
858 1108 1015 1146 consilia
1042 1120 1091 1145 ex
1115 1115 1266 1153 eventu,

146 1172 226 1199 non
253 1174 300 1199 ex
325 1160 536 1207 voluntate,
563 1173 586 1198 a
615 1161 807 1212 plerisque
833 1161 986 1222 probari
1014 1161 1146 1199 solent.
1187 1161 1267 1199 Ta-

149 1227 253 1262 men,
273 1214 360 1252 freti
386 1214 453 1252 tua
477 1214 730 1259 humanitate,
758 1215 862 1265 quod
888 1214 1128 1253 verissimum
1157 1215 1267 1252 nobis

147 1268 352 1317 videbitur,
366 1267 412 1306 de
426 1280 469 1306 eo
485 1267 589 1319 quod
604 1267 653 1305 ad
666 1280 736 1306 nos
755 1268 949 1319 scripsisti,
977 1268 1047 1306 tibi
1063 1269 1264 1307 consilium

138 1321 351 1367 dabimus3
381 1321 485 1372 quod
515 1321 547 1359 si
574 1333 651 1359 non
676 1321 792 1360 fuerit
818 1322 1000 1373 prudens,
1028 1329 1068 1359 at
1091 1330 1189 1360 certe
1215 1324 1264 1360 ab

147 1375 294 1437 optima
329 1375 404 1413 fide
436 1382 474 1414 et
508 1375 655 1426 optimo
691 1375 821 1414 animo
861 1376 1129 1427 proficiscetur.
1178 1376 1263 1414 Nos

148 1429 236 1477 11151,
267 1429 371 1481 quod
398 1437 526 1467 nostro
552 1429 697 1478 judicio
727 1430 917 1468 Caesarem
943 1429 1066 1468 facere
1092 1437 1265 1481 oportere

155 1482 433 1531 existimamus,
454 1491 512 1530 ut,
533 1483 648 1521 simul
667 1483 837 1521 Romam
855 1483 1013 1531 venerit,
1034 1490 1123 1534 agat
1140 1484 1187 1522 de
1206 1497 1264 1522 re-

144 1537 407 1576 conciliatione
433 1537 564 1587 gratiae
589 1550 667 1575 suae
692 1544 730 1575 et
755 1538 944 1589 Pompeii,
965 1537 1005 1575 id
1032 1550 1122 1575 eum
1140 1537 1263 1576 factu-

146 1604 250 1638 rum,
265 1604 312 1629 ex
331 1591 413 1642 ipso
428 1591 731 1641 cognovissemus
749 1605 760 1637 3
782 1599 818 1629 te
832 1591 975 1630 hortari
989 1591 1262 1653 desineremus,

141 1651 192 1689 ,ut
219 1646 334 1684 velles
362 1645 408 1683 iis
429 1647 541 1683 rebus
564 1644 754 1689 interesse,
783 1658 860 1696 quo
881 1645 1032 1684 facilius
1055 1652 1093 1683 et
1117 1647 1265 1695 majore

149 1711 239 1737 811111
256 1699 442 1749 dignitate
467 1712 534 1750 per
552 1706 604 1746 te,
626 1699 694 1750 qui
712 1699 866 1750 utrique
885 1712 924 1737 es
943 1700 1182 1748 conjunctus,
1203 1712 1263 1738 res

143 1742 227 1791 tota
244 1753 447 1792 confieret.
478 1759 558 1800 aut,
576 1753 607 1790 si
626 1766 673 1791 ex
688 1753 874 1791 contrario
891 1759 1115 1804 putaremus
1135 1752 1263 1792 Caesa-

140 1819 228 1845 rem
245 1806 286 1845 id
313 1818 390 1845 non
416 1806 623 1868 facturum,
644 1813 682 1845 et
705 1820 794 1845 eum
828 1807 926 1845 velle
954 1819 1043 1845 cum
1075 1807 1262 1858 Pompeio

144 1860 293 1902 bellum
307 1873 437 1911 gerere
454 1861 662 1906 sciremus;
692 1873 895 1912 nunquam
913 1860 985 1899 tibi
999 1860 1259 1906 suaderemus,

140 1921 276 1953 contra
298 1914 499 1953 hominem
526 1914 670 1965 optime
695 1915 742 1952 de
767 1922 805 1953 te
828 1914 1025 1961 meritum,
1046 1927 1153 1952 arma
1185 1914 1261 1953 fer-

142 1980 228 2018 185;
257 1968 369 2007 sicuti
385 1976 424 2008 te
452 1981 600 2020 semper
618 1968 825 2018 oravimus,
851 1980 898 2007 ne
917 1975 1048 2007 contra
1066 1968 1257 2007 Caesarem

141 2033 343 2074 pugnares.

199 2077 228 2099 “
248 2075 338 2122 Sed,
357 2089 446 2115 cum
465 2076 692 2125 etiamnum,
719 2075 814 2128 quid
831 2075 1002 2115 facturus
1034 2076 1162 2115 Caesar
1191 2076 1252 2120 sit,

138 2128 265 2180 magis
283 2129 428 2181 opinari
446 2143 563 2182 quam
584 2132 675 2170 scire
693 2130 906 2182 possimus3
937 2143 1014 2168 non
1037 2142 1253 2181 possumus,

138 2183 220 2222 ,nisi
238 2183 336 2228 hoc;
365 2196 441 2222 non
461 2185 580 2223 videri
598 2198 682 2224 eam
701 2193 809 2223 tuam
829 2197 908 2222 esse
927 2184 1167 2234 dignitatem,
1188 2194 1254 2221 ne-

203 2235 372 2288 (Epist.)
393 2249 496 2276 VOI..
521 2250 593 2276 Ιῐῐ.
960 2248 982 2274 C
