<?xml version="1.0" encoding="UTF-8"?>
<!DOCTYPE html PUBLIC "-//W3C//DTD XHTML 1.0 Transitional//EN"
    "http://www.w3.org/TR/xhtml1/DTD/xhtml1-transitional.dtd">
<html xmlns="http://www.w3.org/1999/xhtml" xml:lang="en" lang="en">
 <head>
  <title>
</title>
<meta http-equiv="Content-Type" content="text/html;charset=utf-8" />
  <meta name='ocr-system' content='tesseract 3.04.00' />
  <meta name='ocr-capabilities' content='ocr_page ocr_carea ocr_par ocr_line ocrx_word'/>
</head>
<body>
  <div class='ocr_page' id='page_1' title='image "./operaern11ciceuoft_0388.png"; bbox 0 0 1498 2401; ppageno 0'>
   <div class='ocr_carea' id='block_1_1' title="bbox 215 85 1114 248">
    <p class='ocr_par' dir='ltr' id='par_1_1' title="bbox 215 85 1114 248">
     <span class='ocr_line' id='line_1_1' title="bbox 215 85 1106 131; baseline 0 -7"><span class='ocrx_word' id='word_1_1' title='bbox 215 86 296 131; x_wconf 79' lang='lat'><strong>374</strong></span> <span class='ocrx_word' id='word_1_2' title='bbox 437 86 521 125; x_wconf 91' lang='lat' dir='ltr'><strong>AD</strong></span> <span class='ocrx_word' id='word_1_3' title='bbox 550 85 816 126; x_wconf 89' lang='lat' dir='ltr'><strong>BRUTUM.</strong></span> <span class='ocrx_word' id='word_1_4' title='bbox 847 87 1009 126; x_wconf 69' lang='lat' dir='ltr'><strong>Emsr.</strong></span> <span class='ocrx_word' id='word_1_5' title='bbox 1043 86 1106 124; x_wconf 78' lang='lat'><strong>18.</strong></span> 
     </span>
     <span class='ocr_line' id='line_1_2' title="bbox 450 194 1114 248; baseline 0 -14"><span class='ocrx_word' id='word_1_6' title='bbox 450 194 570 248; x_wconf 80' lang='lat'>(18.)</span> <span class='ocrx_word' id='word_1_7' title='bbox 599 195 813 235; x_wconf 88' lang='lat' dir='ltr'>CICERO</span> <span class='ocrx_word' id='word_1_8' title='bbox 841 196 1044 237; x_wconf 89' lang='lat' dir='ltr'>BRUTO</span> <span class='ocrx_word' id='word_1_9' title='bbox 1072 195 1114 236; x_wconf 88' lang='lat' dir='ltr'><strong>S.</strong></span> 
     </span>
    </p>
   </div>
   <div class='ocr_carea' id='block_1_2' title="bbox 219 304 1345 520">
    <p class='ocr_par' dir='ltr' id='par_1_2' title="bbox 219 304 1345 520">
     <span class='ocr_line' id='line_1_3' title="bbox 273 304 1343 355; baseline 0.004 -13"><span class='ocrx_word' id='word_1_10' title='bbox 273 304 329 348; x_wconf 87' lang='grc' dir='ltr'><strong>(Α</strong></span> <span class='ocrx_word' id='word_1_11' title='bbox 336 309 599 355; x_wconf 73' lang='lat' dir='ltr'><strong>rgumentum.</strong></span> <span class='ocrx_word' id='word_1_12' title='bbox 614 330 670 337; x_wconf 89' lang='lat'><strong>—</strong></span> <span class='ocrx_word' id='word_1_13' title='bbox 688 304 754 344; x_wconf 91' lang='lat' dir='ltr'><strong>De</strong></span> <span class='ocrx_word' id='word_1_14' title='bbox 773 305 958 344; x_wconf 66' lang='lat' dir='ltr'><strong>exercitus</strong></span> <span class='ocrx_word' id='word_1_15' title='bbox 982 304 1023 344; x_wconf 94' lang='lat' dir='ltr'><strong>in</strong></span> <span class='ocrx_word' id='word_1_16' title='bbox 1044 305 1201 345; x_wconf 84' lang='lat' dir='ltr'><strong>Italiam</strong></span> <span class='ocrx_word' id='word_1_17' title='bbox 1219 305 1343 346; x_wconf 80' lang='lat' dir='ltr'><strong>addu-</strong></span> 
     </span>
     <span class='ocr_line' id='line_1_4' title="bbox 219 359 1343 400; baseline 0.004 -4"><span class='ocrx_word' id='word_1_18' title='bbox 219 359 329 397; x_wconf 85' lang='lat' dir='ltr'><strong>cendi</strong></span> <span class='ocrx_word' id='word_1_19' title='bbox 353 359 601 397; x_wconf 82' lang='lat' dir='ltr'><strong>necessitate:</strong></span> <span class='ocrx_word' id='word_1_20' title='bbox 629 359 677 397; x_wconf 90' lang='lat' dir='ltr'><strong>de</strong></span> <span class='ocrx_word' id='word_1_21' title='bbox 702 359 956 398; x_wconf 83' lang='lat' dir='ltr'><strong>sollicitudine</strong></span> <span class='ocrx_word' id='word_1_22' title='bbox 981 359 1052 398; x_wconf 62' lang='lat' dir='ltr'><strong>sua</strong></span> <span class='ocrx_word' id='word_1_23' title='bbox 1078 360 1120 398; x_wconf 91' lang='lat' dir='ltr'><strong>in</strong></span> <span class='ocrx_word' id='word_1_24' title='bbox 1144 360 1343 400; x_wconf 85' lang='lat' dir='ltr'><strong>retinendo</strong></span> 
     </span>
     <span class='ocr_line' id='line_1_5' title="bbox 221 412 1345 465; baseline 0.004 -14"><span class='ocrx_word' id='word_1_25' title='bbox 221 412 398 461; x_wconf 85' lang='lat' dir='ltr'><strong>Octavio,</strong></span> <span class='ocrx_word' id='word_1_26' title='bbox 418 427 489 464; x_wconf 85' lang='lat' dir='ltr'><strong>pro</strong></span> <span class='ocrx_word' id='word_1_27' title='bbox 516 427 593 464; x_wconf 90' lang='lat' dir='ltr'><strong>quo</strong></span> <span class='ocrx_word' id='word_1_28' title='bbox 613 414 866 465; x_wconf 82' lang='lat' dir='ltr'>spoponderat</span> <span class='ocrx_word' id='word_1_29' title='bbox 887 427 978 465; x_wconf 90' lang='lat' dir='ltr'><strong>pop.</strong></span> <span class='ocrx_word' id='word_1_30' title='bbox 1004 415 1204 454; x_wconf 84' lang='lat' dir='ltr'><strong>Romano:</strong></span> <span class='ocrx_word' id='word_1_31' title='bbox 1224 415 1273 455; x_wconf 87' lang='lat' dir='ltr'><strong>de</strong></span> <span class='ocrx_word' id='word_1_32' title='bbox 1289 415 1345 455; x_wconf 84' lang='grc'><strong>181</strong></span> 
     </span>
     <span class='ocr_line' id='line_1_6' title="bbox 219 467 1131 520; baseline 0.002 -14"><span class='ocrx_word' id='word_1_33' title='bbox 219 467 449 519; x_wconf 85' lang='lat' dir='ltr'><strong>pecuniariae</strong></span> <span class='ocrx_word' id='word_1_34' title='bbox 467 467 705 518; x_wconf 87' lang='lat' dir='ltr'><strong>difficultate,</strong></span> <span class='ocrx_word' id='word_1_35' title='bbox 727 475 764 507; x_wconf 90' lang='lat' dir='ltr'><strong>et</strong></span> <span class='ocrx_word' id='word_1_36' title='bbox 781 468 829 506; x_wconf 89' lang='lat' dir='ltr'><strong>de</strong></span> <span class='ocrx_word' id='word_1_37' title='bbox 847 468 988 520; x_wconf 85' lang='lat' dir='ltr'>Lepidi</span> <span class='ocrx_word' id='word_1_38' title='bbox 1006 467 1131 519; x_wconf 88' lang='lat' dir='ltr'><strong>filiis.)</strong></span> 
     </span>
    </p>
   </div>
   <div class='ocr_carea' id='block_1_3' title="bbox 735 546 845 551">
    <p class='ocr_par' dir='ltr' id='par_1_3' title="bbox 735 546 845 551">
     <span class='ocr_line' id='line_1_7' title="bbox 735 546 845 551; baseline 0 0"><span class='ocrx_word' id='word_1_39' title='bbox 735 546 845 551; x_wconf 95' lang='lat' dir='ltr'><strong> </strong></span> 
     </span>
    </p>
   </div>
   <div class='ocr_carea' id='block_1_4' title="bbox 219 574 1362 2207">
    <p class='ocr_par' dir='ltr' id='par_1_4' title="bbox 219 574 1346 995">
     <span class='ocr_line' id='line_1_8' title="bbox 277 574 1343 631; baseline 0.002 -16"><span class='ocrx_word' id='word_1_40' title='bbox 277 574 382 616; x_wconf 87' lang='lat' dir='ltr'><strong>Cum</strong></span> <span class='ocrx_word' id='word_1_41' title='bbox 401 589 502 628; x_wconf 88' lang='lat' dir='ltr'><strong>saepe</strong></span> <span class='ocrx_word' id='word_1_42' title='bbox 519 583 558 615; x_wconf 86' lang='lat' dir='ltr'><strong>te</strong></span> <span class='ocrx_word' id='word_1_43' title='bbox 574 576 694 615; x_wconf 85' lang='lat' dir='ltr'><strong>literis</strong></span> <span class='ocrx_word' id='word_1_44' title='bbox 715 576 889 615; x_wconf 84' lang='lat' dir='ltr'><strong>hortatus</strong></span> <span class='ocrx_word' id='word_1_45' title='bbox 908 590 1043 624; x_wconf 90' lang='lat' dir='ltr'><strong>essem,</strong></span> <span class='ocrx_word' id='word_1_46' title='bbox 1063 584 1109 616; x_wconf 88' lang='lat' dir='ltr'><strong>ut</strong></span> <span class='ocrx_word' id='word_1_47' title='bbox 1127 591 1247 630; x_wconf 84' lang='lat' dir='ltr'><strong>quam</strong></span> <span class='ocrx_word' id='word_1_48' title='bbox 1263 578 1343 631; x_wconf 89' lang='lat' dir='ltr'><strong>pri-</strong></span> 
     </span>
     <span class='ocr_line' id='line_1_9' title="bbox 221 630 1345 683; baseline 0.004 -15"><span class='ocrx_word' id='word_1_49' title='bbox 221 643 333 669; x_wconf 88' lang='lat' dir='ltr'><strong>mum</strong></span> <span class='ocrx_word' id='word_1_50' title='bbox 367 630 587 682; x_wconf 88' lang='lat' dir='ltr'><strong>reipublicae</strong></span> <span class='ocrx_word' id='word_1_51' title='bbox 619 631 853 677; x_wconf 81' lang='lat' dir='ltr'><strong>subvenires,</strong></span> <span class='ocrx_word' id='word_1_52' title='bbox 882 630 923 668; x_wconf 90' lang='lat' dir='ltr'><strong>in</strong></span> <span class='ocrx_word' id='word_1_53' title='bbox 948 631 1182 683; x_wconf 78' lang='lat' dir='ltr'><strong>Italiamque</strong></span> <span class='ocrx_word' id='word_1_54' title='bbox 1203 632 1345 672; x_wconf 81' lang='lat' dir='ltr'><strong>exerci-</strong></span> 
     </span>
     <span class='ocr_line' id='line_1_10' title="bbox 221 685 1346 747; baseline 0.003 -24"><span class='ocrx_word' id='word_1_55' title='bbox 221 693 307 723; x_wconf 87' lang='lat' dir='ltr'><strong>tum</strong></span> <span class='ocrx_word' id='word_1_56' title='bbox 337 685 556 747; x_wconf 75' lang='lat' dir='ltr'><strong>adduceres,</strong></span> <span class='ocrx_word' id='word_1_57' title='bbox 590 697 715 737; x_wconf 89' lang='lat' dir='ltr'><strong>neque</strong></span> <span class='ocrx_word' id='word_1_58' title='bbox 743 685 785 722; x_wconf 89' lang='lat' dir='ltr'><strong>id</strong></span> <span class='ocrx_word' id='word_1_59' title='bbox 817 685 1020 723; x_wconf 81' lang='lat' dir='ltr'><strong>arbitrarer</strong></span> <span class='ocrx_word' id='word_1_60' title='bbox 1055 685 1231 725; x_wconf 81' lang='lat' dir='ltr'><strong>dubitare</strong></span> <span class='ocrx_word' id='word_1_61' title='bbox 1257 693 1346 726; x_wconf 78' lang='lat' dir='ltr'><strong>tuos</strong></span> 
     </span>
     <span class='ocr_line' id='line_1_11' title="bbox 219 739 1346 790; baseline 0.002 -12"><span class='ocrx_word' id='word_1_62' title='bbox 219 740 477 786; x_wconf 79' lang='lat' dir='ltr'><strong>necessarios3</strong></span> <span class='ocrx_word' id='word_1_63' title='bbox 506 747 662 790; x_wconf 83' lang='lat' dir='ltr'><strong>rogatus</strong></span> <span class='ocrx_word' id='word_1_64' title='bbox 692 752 779 777; x_wconf 92' lang='lat' dir='ltr'><strong>sum</strong></span> <span class='ocrx_word' id='word_1_65' title='bbox 813 753 836 777; x_wconf 87' lang='lat' dir='ltr'><strong>a</strong></span> <span class='ocrx_word' id='word_1_66' title='bbox 864 739 1162 790; x_wconf 84' lang='lat' dir='ltr'><strong>prudentissima</strong></span> <span class='ocrx_word' id='word_1_67' title='bbox 1193 747 1231 779; x_wconf 86' lang='lat' dir='ltr'><strong>et</strong></span> <span class='ocrx_word' id='word_1_68' title='bbox 1255 740 1346 780; x_wconf 81' lang='lat' dir='ltr'><strong>dili-</strong></span> 
     </span>
     <span class='ocr_line' id='line_1_12' title="bbox 220 793 1346 844; baseline 0.002 -12"><span class='ocrx_word' id='word_1_69' title='bbox 220 793 443 844; x_wconf 62' lang='lat' dir='ltr'><strong>gentissima</strong></span> <span class='ocrx_word' id='word_1_70' title='bbox 461 793 618 839; x_wconf 66' lang='lat' dir='ltr'><strong>femina,</strong></span> <span class='ocrx_word' id='word_1_71' title='bbox 645 799 768 831; x_wconf 87' lang='lat' dir='ltr'><strong>matre</strong></span> <span class='ocrx_word' id='word_1_72' title='bbox 786 793 869 841; x_wconf 62' lang='lat' dir='ltr'><strong>tua,</strong></span> <span class='ocrx_word' id='word_1_73' title='bbox 894 794 1003 844; x_wconf 88' lang='lat' dir='ltr'><strong>cujus</strong></span> <span class='ocrx_word' id='word_1_74' title='bbox 1021 806 1154 834; x_wconf 63' lang='grc'>01111188</span> <span class='ocrx_word' id='word_1_75' title='bbox 1171 807 1274 834; x_wconf 73' lang='grc'>811131</span> <span class='ocrx_word' id='word_1_76' title='bbox 1294 794 1346 834; x_wconf 81' lang='lat' dir='ltr'><strong>ad</strong></span> 
     </span>
     <span class='ocr_line' id='line_1_13' title="bbox 221 848 1346 896; baseline 0.002 -10"><span class='ocrx_word' id='word_1_77' title='bbox 221 856 258 886; x_wconf 86' lang='lat' dir='ltr'><strong>te</strong></span> <span class='ocrx_word' id='word_1_78' title='bbox 277 848 506 893; x_wconf 80' lang='lat' dir='ltr'><strong>referuntur,</strong></span> <span class='ocrx_word' id='word_1_79' title='bbox 535 855 571 886; x_wconf 91' lang='lat' dir='ltr'><strong>et</strong></span> <span class='ocrx_word' id='word_1_80' title='bbox 599 848 640 885; x_wconf 84' lang='lat' dir='ltr'><strong>in</strong></span> <span class='ocrx_word' id='word_1_81' title='bbox 665 855 703 886; x_wconf 90' lang='lat' dir='ltr'><strong>te</strong></span> <span class='ocrx_word' id='word_1_82' title='bbox 726 855 1018 896; x_wconf 80' lang='lat' dir='ltr'><strong>consumuntur,</strong></span> <span class='ocrx_word' id='word_1_83' title='bbox 1041 855 1084 886; x_wconf 88' lang='lat' dir='ltr'><strong>ut</strong></span> <span class='ocrx_word' id='word_1_84' title='bbox 1105 849 1276 888; x_wconf 84' lang='lat' dir='ltr'><strong>venirem</strong></span> <span class='ocrx_word' id='word_1_85' title='bbox 1293 849 1346 888; x_wconf 82' lang='lat' dir='ltr'><strong>ad</strong></span> 
     </span>
     <span class='ocr_line' id='line_1_14' title="bbox 221 901 1345 954; baseline 0.004 -14"><span class='ocrx_word' id='word_1_86' title='bbox 221 915 263 941; x_wconf 87' lang='lat' dir='ltr'><strong>se</strong></span> <span class='ocrx_word' id='word_1_87' title='bbox 282 916 315 940; x_wconf 91' lang='lat' dir='ltr'><strong>a.</strong></span> <span class='ocrx_word' id='word_1_88' title='bbox 330 902 366 940; x_wconf 87' lang='lat' dir='ltr'><strong>d.</strong></span> <span class='ocrx_word' id='word_1_89' title='bbox 384 902 496 941; x_wconf 92' lang='lat' dir='ltr'>VIII</span> <span class='ocrx_word' id='word_1_90' title='bbox 511 902 597 940; x_wconf 86' lang='lat' dir='ltr'><strong>Cal.</strong></span> <span class='ocrx_word' id='word_1_91' title='bbox 612 902 798 941; x_wconf 74' lang='lat' dir='ltr'><strong>Sextiles:</strong></span> <span class='ocrx_word' id='word_1_92' title='bbox 820 901 924 954; x_wconf 88' lang='lat' dir='ltr'><strong>quod</strong></span> <span class='ocrx_word' id='word_1_93' title='bbox 943 915 1028 954; x_wconf 86' lang='lat' dir='ltr'><strong>ego,</strong></span> <span class='ocrx_word' id='word_1_94' title='bbox 1048 910 1094 941; x_wconf 89' lang='lat' dir='ltr'><strong>ut</strong></span> <span class='ocrx_word' id='word_1_95' title='bbox 1111 903 1243 953; x_wconf 82' lang='lat' dir='ltr'><strong>debui,</strong></span> <span class='ocrx_word' id='word_1_96' title='bbox 1262 903 1345 944; x_wconf 80' lang='lat' dir='ltr'><strong>sine</strong></span> 
     </span>
     <span class='ocr_line' id='line_1_15' title="bbox 222 956 434 995; baseline 0 0"><span class='ocrx_word' id='word_1_97' title='bbox 222 957 332 995; x_wconf 87' lang='lat' dir='ltr'><strong>mora</strong></span> <span class='ocrx_word' id='word_1_98' title='bbox 350 956 434 995; x_wconf 88' lang='lat' dir='ltr'><strong>feci.</strong></span> 
     </span>
    </p>

    <p class='ocr_par' dir='ltr' id='par_1_5' title="bbox 222 1010 1355 1765">
     <span class='ocr_line' id='line_1_16' title="bbox 278 1010 1350 1062; baseline 0.003 -12"><span class='ocrx_word' id='word_1_99' title='bbox 278 1011 382 1050; x_wconf 86' lang='lat' dir='ltr'><strong>Cum</strong></span> <span class='ocrx_word' id='word_1_100' title='bbox 401 1018 531 1050; x_wconf 85' lang='lat' dir='ltr'><strong>autem</strong></span> <span class='ocrx_word' id='word_1_101' title='bbox 551 1011 752 1060; x_wconf 80' lang='lat' dir='ltr'><strong>venissem,</strong></span> <span class='ocrx_word' id='word_1_102' title='bbox 780 1011 901 1050; x_wconf 85' lang='lat' dir='ltr'>Casca</span> <span class='ocrx_word' id='word_1_103' title='bbox 919 1010 1063 1060; x_wconf 80' lang='lat' dir='ltr'><strong>aderat,</strong></span> <span class='ocrx_word' id='word_1_104' title='bbox 1084 1019 1122 1051; x_wconf 89' lang='lat' dir='ltr'><strong>et</strong></span> <span class='ocrx_word' id='word_1_105' title='bbox 1141 1012 1288 1062; x_wconf 81' lang='lat' dir='ltr'><strong>Labeo,</strong></span> <span class='ocrx_word' id='word_1_106' title='bbox 1307 1020 1350 1054; x_wconf 84' lang='lat' dir='ltr'><strong>et</strong></span> 
     </span>
     <span class='ocr_line' id='line_1_17' title="bbox 222 1066 1348 1118; baseline 0.003 -14"><span class='ocrx_word' id='word_1_107' title='bbox 222 1066 410 1117; x_wconf 83' lang='lat' dir='ltr'><strong>Scaptius.</strong></span> <span class='ocrx_word' id='word_1_108' title='bbox 443 1067 502 1104; x_wconf 90' lang='lat' dir='ltr'><strong>At</strong></span> <span class='ocrx_word' id='word_1_109' title='bbox 520 1066 587 1104; x_wconf 83' lang='lat' dir='ltr'><strong>illa</strong></span> <span class='ocrx_word' id='word_1_110' title='bbox 599 1066 742 1113; x_wconf 81' lang='lat' dir='ltr'><strong>retulit,</strong></span> <span class='ocrx_word' id='word_1_111' title='bbox 760 1066 1026 1118; x_wconf 82' lang='lat' dir='ltr'><strong>quaesivitque,</strong></span> <span class='ocrx_word' id='word_1_112' title='bbox 1042 1066 1230 1118; x_wconf 82' lang='lat' dir='ltr'><strong>quidnam</strong></span> <span class='ocrx_word' id='word_1_113' title='bbox 1247 1067 1348 1107; x_wconf 84' lang='lat' dir='ltr'><strong>mihi</strong></span> 
     </span>
     <span class='ocr_line' id='line_1_18' title="bbox 223 1120 1347 1172; baseline 0.003 -14"><span class='ocrx_word' id='word_1_114' title='bbox 223 1120 441 1165; x_wconf 60' lang='lat' dir='ltr'><strong>videi-etun</strong></span> <span class='ocrx_word' id='word_1_115' title='bbox 472 1133 794 1160; x_wconf 86' lang='lat' dir='ltr'><strong>arcesseremusne</strong></span> <span class='ocrx_word' id='word_1_116' title='bbox 819 1128 871 1168; x_wconf 92' lang='lat' dir='ltr'><strong>te,</strong></span> <span class='ocrx_word' id='word_1_117' title='bbox 902 1128 1018 1172; x_wconf 83' lang='lat' dir='ltr'><strong>atque</strong></span> <span class='ocrx_word' id='word_1_118' title='bbox 1040 1120 1083 1159; x_wconf 91' lang='lat' dir='ltr'><strong>id</strong></span> <span class='ocrx_word' id='word_1_119' title='bbox 1106 1121 1177 1161; x_wconf 87' lang='lat' dir='ltr'><strong>tibi</strong></span> <span class='ocrx_word' id='word_1_120' title='bbox 1201 1121 1347 1161; x_wconf 81' lang='lat' dir='ltr'><strong>eondu-</strong></span> 
     </span>
     <span class='ocr_line' id='line_1_19' title="bbox 224 1175 1349 1227; baseline 0.004 -15"><span class='ocrx_word' id='word_1_121' title='bbox 224 1187 306 1213; x_wconf 87' lang='lat' dir='ltr'><strong>cere</strong></span> <span class='ocrx_word' id='word_1_122' title='bbox 324 1182 562 1227; x_wconf 88' lang='lat' dir='ltr'><strong>putaremus,</strong></span> <span class='ocrx_word' id='word_1_123' title='bbox 583 1188 633 1213; x_wconf 89' lang='lat' dir='ltr'><strong>an</strong></span> <span class='ocrx_word' id='word_1_124' title='bbox 655 1175 806 1214; x_wconf 86' lang='lat' dir='ltr'><strong>tardare</strong></span> <span class='ocrx_word' id='word_1_125' title='bbox 831 1182 868 1214; x_wconf 91' lang='lat' dir='ltr'><strong>et</strong></span> <span class='ocrx_word' id='word_1_126' title='bbox 893 1176 1120 1214; x_wconf 87' lang='lat' dir='ltr'><strong>commorari</strong></span> <span class='ocrx_word' id='word_1_127' title='bbox 1146 1183 1186 1215; x_wconf 88' lang='lat' dir='ltr'><strong>te</strong></span> <span class='ocrx_word' id='word_1_128' title='bbox 1208 1176 1349 1217; x_wconf 78' lang='lat' dir='ltr'><strong>melius</strong></span> 
     </span>
     <span class='ocr_line' id='line_1_20' title="bbox 225 1229 1350 1291; baseline 0.004 -24"><span class='ocrx_word' id='word_1_129' title='bbox 225 1236 333 1267; x_wconf 87' lang='lat' dir='ltr'><strong>esset.</strong></span> <span class='ocrx_word' id='word_1_130' title='bbox 363 1229 563 1291; x_wconf 79' lang='lat' dir='ltr'><strong>Respondi</strong></span> <span class='ocrx_word' id='word_1_131' title='bbox 592 1229 646 1277; x_wconf 89' lang='lat' dir='ltr'><strong>id,</strong></span> <span class='ocrx_word' id='word_1_132' title='bbox 675 1229 780 1281; x_wconf 89' lang='lat' dir='ltr'><strong>quod</strong></span> <span class='ocrx_word' id='word_1_133' title='bbox 806 1229 1017 1268; x_wconf 80' lang='lat' dir='ltr'><strong>sentiebam</strong></span> <span class='ocrx_word' id='word_1_134' title='bbox 1042 1237 1080 1269; x_wconf 88' lang='lat' dir='ltr'><strong>et</strong></span> <span class='ocrx_word' id='word_1_135' title='bbox 1102 1230 1280 1282; x_wconf 78' lang='lat' dir='ltr'><strong>dignitati</strong></span> <span class='ocrx_word' id='word_1_136' title='bbox 1310 1237 1350 1271; x_wconf 85' lang='lat' dir='ltr'><strong>et</strong></span> 
     </span>
     <span class='ocr_line' id='line_1_21' title="bbox 226 1283 1351 1338; baseline 0.003 -17"><span class='ocrx_word' id='word_1_137' title='bbox 226 1283 499 1322; x_wconf 55' lang='lat' dir='ltr'><strong>existimationi</strong></span> <span class='ocrx_word' id='word_1_138' title='bbox 518 1292 595 1322; x_wconf 83' lang='lat' dir='ltr'><strong>tuae</strong></span> <span class='ocrx_word' id='word_1_139' title='bbox 614 1283 785 1322; x_wconf 78' lang='lat' dir='ltr'><strong>maxime</strong></span> <span class='ocrx_word' id='word_1_140' title='bbox 803 1283 1026 1333; x_wconf 81' lang='lat' dir='ltr'><strong>conducere,</strong></span> <span class='ocrx_word' id='word_1_141' title='bbox 1053 1291 1091 1323; x_wconf 89' lang='lat' dir='ltr'><strong>te</strong></span> <span class='ocrx_word' id='word_1_142' title='bbox 1108 1284 1234 1337; x_wconf 90' lang='lat' dir='ltr'><strong>primo</strong></span> <span class='ocrx_word' id='word_1_143' title='bbox 1251 1298 1351 1338; x_wconf 88' lang='lat' dir='ltr'><strong>quo-</strong></span> 
     </span>
     <span class='ocr_line' id='line_1_22' title="bbox 226 1338 1351 1399; baseline 0.004 -24"><span class='ocrx_word' id='word_1_144' title='bbox 226 1350 302 1389; x_wconf 90' lang='lat' dir='ltr'><strong>que</strong></span> <span class='ocrx_word' id='word_1_145' title='bbox 321 1346 490 1390; x_wconf 87' lang='lat' dir='ltr'><strong>tempore</strong></span> <span class='ocrx_word' id='word_1_146' title='bbox 508 1339 605 1377; x_wconf 87' lang='lat' dir='ltr'><strong>ferre</strong></span> <span class='ocrx_word' id='word_1_147' title='bbox 616 1338 838 1399; x_wconf 65' lang='lat' dir='ltr'><strong>praesidium</strong></span> <span class='ocrx_word' id='word_1_148' title='bbox 851 1338 997 1377; x_wconf 87' lang='lat' dir='ltr'><strong>labenti</strong></span> <span class='ocrx_word' id='word_1_149' title='bbox 1011 1345 1048 1377; x_wconf 84' lang='lat' dir='ltr'><strong>et</strong></span> <span class='ocrx_word' id='word_1_150' title='bbox 1065 1339 1258 1378; x_wconf 82' lang='lat' dir='ltr'><strong>inclinatae</strong></span> <span class='ocrx_word' id='word_1_151' title='bbox 1274 1339 1351 1379; x_wconf 82' lang='lat' dir='ltr'><strong>rei-</strong></span> 
     </span>
     <span class='ocr_line' id='line_1_23' title="bbox 228 1392 1348 1443; baseline 0.004 -13"><span class='ocrx_word' id='word_1_152' title='bbox 228 1393 404 1442; x_wconf 86' lang='lat' dir='ltr'><strong>publicae.</strong></span> <span class='ocrx_word' id='word_1_153' title='bbox 435 1392 543 1440; x_wconf 85' lang='lat' dir='ltr'><strong>Quid</strong></span> <span class='ocrx_word' id='word_1_154' title='bbox 566 1393 670 1431; x_wconf 88' lang='lat' dir='ltr'><strong>enim</strong></span> <span class='ocrx_word' id='word_1_155' title='bbox 693 1395 823 1431; x_wconf 86' lang='lat' dir='ltr'><strong>abesse</strong></span> <span class='ocrx_word' id='word_1_156' title='bbox 842 1406 970 1431; x_wconf 88' lang='lat' dir='ltr'><strong>censes</strong></span> <span class='ocrx_word' id='word_1_157' title='bbox 995 1393 1121 1431; x_wconf 91' lang='lat' dir='ltr'><strong>mali</strong></span> <span class='ocrx_word' id='word_1_158' title='bbox 1109 1406 1151 1432; x_wconf 89' lang='grc'><strong>111</strong></span> <span class='ocrx_word' id='word_1_159' title='bbox 1169 1406 1214 1432; x_wconf 86' lang='lat' dir='ltr'><strong>eo</strong></span> <span class='ocrx_word' id='word_1_160' title='bbox 1230 1394 1348 1443; x_wconf 79' lang='lat' dir='ltr'><strong>bello,</strong></span> 
     </span>
     <span class='ocr_line' id='line_1_24' title="bbox 226 1446 1352 1509; baseline 0.004 -26"><span class='ocrx_word' id='word_1_161' title='bbox 226 1446 269 1483; x_wconf 86' lang='lat' dir='ltr'><strong>in</strong></span> <span class='ocrx_word' id='word_1_162' title='bbox 289 1460 366 1498; x_wconf 90' lang='lat' dir='ltr'><strong>quo</strong></span> <span class='ocrx_word' id='word_1_163' title='bbox 386 1447 543 1486; x_wconf 79' lang='lat' dir='ltr'><strong>victores</strong></span> <span class='ocrx_word' id='word_1_164' title='bbox 562 1447 750 1486; x_wconf 83' lang='lat' dir='ltr'><strong>exercitus</strong></span> <span class='ocrx_word' id='word_1_165' title='bbox 775 1446 988 1509; x_wconf 80' lang='lat' dir='ltr'><strong>fugientem</strong></span> <span class='ocrx_word' id='word_1_166' title='bbox 1006 1447 1156 1486; x_wconf 84' lang='lat' dir='ltr'><strong>hostem</strong></span> <span class='ocrx_word' id='word_1_167' title='bbox 1174 1449 1352 1501; x_wconf 77' lang='lat' dir='ltr'><strong>persequi</strong></span> 
     </span>
     <span class='ocr_line' id='line_1_25' title="bbox 229 1501 1354 1553; baseline 0.003 -15"><span class='ocrx_word' id='word_1_168' title='bbox 229 1501 462 1540; x_wconf 86' lang='lat' dir='ltr'><strong>noluerunt.</strong></span> <span class='ocrx_word' id='word_1_169' title='bbox 453 1503 470 1529; x_wconf 66' lang='lat'><strong>‘⁹</strong></span> <span class='ocrx_word' id='word_1_170' title='bbox 501 1510 538 1540; x_wconf 91' lang='lat' dir='ltr'><strong>et</strong></span> <span class='ocrx_word' id='word_1_171' title='bbox 563 1501 603 1539; x_wconf 93' lang='lat' dir='ltr'><strong>in</strong></span> <span class='ocrx_word' id='word_1_172' title='bbox 623 1514 700 1553; x_wconf 93' lang='lat' dir='ltr'><strong>quo</strong></span> <span class='ocrx_word' id='word_1_173' title='bbox 725 1501 929 1540; x_wconf 86' lang='lat' dir='ltr'><strong>incolumis</strong></span> <span class='ocrx_word' id='word_1_174' title='bbox 950 1501 1171 1553; x_wconf 85' lang='lat' dir='ltr'><strong>imperator,</strong></span> <span class='ocrx_word' id='word_1_175' title='bbox 1197 1502 1354 1542; x_wconf 85' lang='lat' dir='ltr'><strong>honori-</strong></span> 
     </span>
     <span class='ocr_line' id='line_1_26' title="bbox 228 1555 1354 1608; baseline 0.004 -15"><span class='ocrx_word' id='word_1_176' title='bbox 228 1556 302 1593; x_wconf 88' lang='lat' dir='ltr'><strong>bus</strong></span> <span class='ocrx_word' id='word_1_177' title='bbox 320 1556 478 1607; x_wconf 68' lang='lat' dir='ltr'><strong>ampliss</strong></span> <span class='ocrx_word' id='word_1_178' title='bbox 462 1555 581 1603; x_wconf 85' lang='lat' dir='ltr'><strong>simis,</strong></span> <span class='ocrx_word' id='word_1_179' title='bbox 601 1555 841 1608; x_wconf 86' lang='lat' dir='ltr'><strong>fortunisque</strong></span> <span class='ocrx_word' id='word_1_180' title='bbox 853 1555 1050 1603; x_wconf 76' lang='lat' dir='ltr'><strong>maximis,</strong></span> <span class='ocrx_word' id='word_1_181' title='bbox 1066 1558 1242 1608; x_wconf 84' lang='lat' dir='ltr'><strong>conjuge,</strong></span> <span class='ocrx_word' id='word_1_182' title='bbox 1257 1556 1354 1598; x_wconf 80' lang='grc'>11118-</span> 
     </span>
     <span class='ocr_line' id='line_1_27' title="bbox 228 1608 1355 1662; baseline 0.004 -15"><span class='ocrx_word' id='word_1_183' title='bbox 228 1608 294 1655; x_wconf 77' lang='grc'>115,</span> <span class='ocrx_word' id='word_1_184' title='bbox 316 1610 421 1648; x_wconf 84' lang='lat' dir='ltr'><strong>vobis</strong></span> <span class='ocrx_word' id='word_1_185' title='bbox 441 1610 620 1648; x_wconf 87' lang='lat' dir='ltr'><strong>affinibus</strong></span> <span class='ocrx_word' id='word_1_186' title='bbox 635 1618 807 1658; x_wconf 85' lang='lat' dir='ltr'><strong>ornatus,</strong></span> <span class='ocrx_word' id='word_1_187' title='bbox 822 1610 970 1648; x_wconf 88' lang='lat' dir='ltr'><strong>bellum</strong></span> <span class='ocrx_word' id='word_1_188' title='bbox 989 1610 1208 1662; x_wconf 86' lang='lat' dir='ltr'><strong>reipublicae</strong></span> <span class='ocrx_word' id='word_1_189' title='bbox 1225 1611 1355 1651; x_wconf 83' lang='lat' dir='ltr'><strong>indix-</strong></span> 
     </span>
     <span class='ocr_line' id='line_1_28' title="bbox 230 1663 1354 1717; baseline 0.004 -16"><span class='ocrx_word' id='word_1_190' title='bbox 230 1663 333 1702; x_wconf 83' lang='lat' dir='ltr'><strong>erit?</strong></span> <span class='ocrx_word' id='word_1_191' title='bbox 363 1664 472 1712; x_wconf 87' lang='lat' dir='ltr'><strong>Quid</strong></span> <span class='ocrx_word' id='word_1_192' title='bbox 501 1664 641 1712; x_wconf 87' lang='lat' dir='ltr'><strong>dicam,</strong></span> <span class='ocrx_word' id='word_1_193' title='bbox 668 1663 708 1702; x_wconf 90' lang='lat' dir='ltr'><strong>in</strong></span> <span class='ocrx_word' id='word_1_194' title='bbox 728 1671 836 1702; x_wconf 87' lang='lat' dir='ltr'><strong>tanto</strong></span> <span class='ocrx_word' id='word_1_195' title='bbox 861 1666 1014 1703; x_wconf 71' lang='lat' dir='ltr'><strong>senatus</strong></span> <span class='ocrx_word' id='word_1_196' title='bbox 1032 1665 1246 1717; x_wconf 84' lang='lat' dir='ltr'><strong>populique</strong></span> <span class='ocrx_word' id='word_1_197' title='bbox 1263 1678 1354 1706; x_wconf 80' lang='lat' dir='ltr'><strong>oon-</strong></span> 
     </span>
     <span class='ocr_line' id='line_1_29' title="bbox 230 1718 1231 1765; baseline 0.003 -9"><span class='ocrx_word' id='word_1_198' title='bbox 230 1730 357 1765; x_wconf 83' lang='lat' dir='ltr'><strong>sensu,</strong></span> <span class='ocrx_word' id='word_1_199' title='bbox 378 1731 467 1757; x_wconf 89' lang='lat' dir='ltr'><strong>cum</strong></span> <span class='ocrx_word' id='word_1_200' title='bbox 487 1726 640 1757; x_wconf 88' lang='lat' dir='ltr'><strong>tantum</strong></span> <span class='ocrx_word' id='word_1_201' title='bbox 654 1719 816 1758; x_wconf 56' lang='lat' dir='ltr'><strong>resideat</strong></span> <span class='ocrx_word' id='word_1_202' title='bbox 833 1718 935 1757; x_wconf 86' lang='lat' dir='ltr'><strong>intra</strong></span> <span class='ocrx_word' id='word_1_203' title='bbox 952 1732 1084 1758; x_wconf 87' lang='lat' dir='ltr'><strong>muros</strong></span> <span class='ocrx_word' id='word_1_204' title='bbox 1103 1720 1198 1758; x_wconf 87' lang='lat' dir='ltr'><strong>mali</strong></span> <span class='ocrx_word' id='word_1_205' title='bbox 1211 1722 1231 1759; x_wconf 85' lang='lat'><strong>?</strong></span> 
     </span>
    </p>

    <p class='ocr_par' dir='ltr' id='par_1_6' title="bbox 230 1772 1362 2207">
     <span class='ocr_line' id='line_1_30' title="bbox 286 1772 1357 1822; baseline 0.005 -12"><span class='ocrx_word' id='word_1_206' title='bbox 286 1772 467 1812; x_wconf 80' lang='lat' dir='ltr'><strong>Maximo</strong></span> <span class='ocrx_word' id='word_1_207' title='bbox 497 1780 640 1821; x_wconf 85' lang='lat' dir='ltr'><strong>autem,</strong></span> <span class='ocrx_word' id='word_1_208' title='bbox 672 1785 760 1811; x_wconf 87' lang='lat' dir='ltr'><strong>cum</strong></span> <span class='ocrx_word' id='word_1_209' title='bbox 794 1773 877 1812; x_wconf 83' lang='lat' dir='ltr'><strong>haec</strong></span> <span class='ocrx_word' id='word_1_210' title='bbox 909 1773 1134 1822; x_wconf 84' lang='lat' dir='ltr'><strong>scribebam,</strong></span> <span class='ocrx_word' id='word_1_211' title='bbox 1166 1774 1357 1816; x_wconf 75' lang='lat' dir='ltr'><strong>afficiebat</strong></span> 
     </span>
     <span class='ocr_line' id='line_1_31' title="bbox 231 1826 1356 1882; baseline 0.003 -17"><span class='ocrx_word' id='word_1_212' title='bbox 231 1826 375 1874; x_wconf 86' lang='lat' dir='ltr'><strong>dolore,</strong></span> <span class='ocrx_word' id='word_1_213' title='bbox 407 1827 525 1879; x_wconf 84' lang='lat' dir='ltr'><strong>quod,</strong></span> <span class='ocrx_word' id='word_1_214' title='bbox 554 1840 643 1866; x_wconf 90' lang='lat' dir='ltr'><strong>cum</strong></span> <span class='ocrx_word' id='word_1_215' title='bbox 672 1840 736 1866; x_wconf 83' lang='lat' dir='ltr'><strong>me</strong></span> <span class='ocrx_word' id='word_1_216' title='bbox 764 1841 835 1879; x_wconf 90' lang='lat' dir='ltr'><strong>pro</strong></span> <span class='ocrx_word' id='word_1_217' title='bbox 865 1827 1145 1867; x_wconf 84' lang='lat' dir='ltr'><strong>adolescentulo</strong></span> <span class='ocrx_word' id='word_1_218' title='bbox 1177 1841 1222 1868; x_wconf 86' lang='lat' dir='ltr'><strong>ac</strong></span> <span class='ocrx_word' id='word_1_219' title='bbox 1245 1842 1356 1882; x_wconf 81' lang='lat' dir='ltr'><strong>paene</strong></span> 
     </span>
     <span class='ocr_line' id='line_1_32' title="bbox 230 1881 1357 1936; baseline 0.004 -17"><span class='ocrx_word' id='word_1_220' title='bbox 230 1894 350 1933; x_wconf 88' lang='lat' dir='ltr'><strong>puero</strong></span> <span class='ocrx_word' id='word_1_221' title='bbox 368 1881 581 1933; x_wconf 84' lang='lat' dir='ltr'><strong>respublica</strong></span> <span class='ocrx_word' id='word_1_222' title='bbox 595 1882 797 1933; x_wconf 86' lang='lat' dir='ltr'><strong>accepisset</strong></span> <span class='ocrx_word' id='word_1_223' title='bbox 815 1882 968 1930; x_wconf 83' lang='lat' dir='ltr'><strong>vadem,</strong></span> <span class='ocrx_word' id='word_1_224' title='bbox 984 1881 1050 1921; x_wconf 86' lang='lat' dir='ltr'><strong>vix</strong></span> <span class='ocrx_word' id='word_1_225' title='bbox 1068 1882 1238 1933; x_wconf 87' lang='lat' dir='ltr'><strong>videbar,</strong></span> <span class='ocrx_word' id='word_1_226' title='bbox 1251 1883 1357 1936; x_wconf 87' lang='lat' dir='ltr'><strong>quod</strong></span> 
     </span>
     <span class='ocr_line' id='line_1_33' title="bbox 231 1936 1358 1989; baseline 0.004 -16"><span class='ocrx_word' id='word_1_227' title='bbox 231 1936 497 1987; x_wconf 84' lang='lat' dir='ltr'><strong>promiseram,</strong></span> <span class='ocrx_word' id='word_1_228' title='bbox 527 1943 706 1987; x_wconf 87' lang='lat' dir='ltr'><strong>praestare</strong></span> <span class='ocrx_word' id='word_1_229' title='bbox 727 1949 849 1988; x_wconf 87' lang='lat' dir='ltr'><strong>posse.</strong></span> <span class='ocrx_word' id='word_1_230' title='bbox 878 1936 953 1975; x_wconf 90' lang='lat' dir='ltr'><strong>Est</strong></span> <span class='ocrx_word' id='word_1_231' title='bbox 982 1944 1113 1975; x_wconf 86' lang='lat' dir='ltr'><strong>autem</strong></span> <span class='ocrx_word' id='word_1_232' title='bbox 1138 1937 1289 1989; x_wconf 83' lang='lat' dir='ltr'><strong>gravior</strong></span> <span class='ocrx_word' id='word_1_233' title='bbox 1317 1946 1358 1978; x_wconf 83' lang='lat' dir='ltr'><strong>et</strong></span> 
     </span>
     <span class='ocr_line' id='line_1_34' title="bbox 232 1990 1359 2043; baseline 0.002 -15"><span class='ocrx_word' id='word_1_234' title='bbox 232 1990 421 2028; x_wconf 88' lang='lat' dir='ltr'><strong>difficilior</strong></span> <span class='ocrx_word' id='word_1_235' title='bbox 450 1990 570 2028; x_wconf 88' lang='lat' dir='ltr'><strong>animi</strong></span> <span class='ocrx_word' id='word_1_236' title='bbox 589 1997 627 2029; x_wconf 90' lang='lat' dir='ltr'><strong>et</strong></span> <span class='ocrx_word' id='word_1_237' title='bbox 651 1991 847 2030; x_wconf 74' lang='lat' dir='ltr'><strong>sententiae</strong></span> <span class='ocrx_word' id='word_1_238' title='bbox 866 1991 1065 2034; x_wconf 81' lang='lat' dir='ltr'><strong>(maximis</strong></span> <span class='ocrx_word' id='word_1_239' title='bbox 1089 1992 1299 2043; x_wconf 73' lang='lat' dir='ltr'><strong>praesertim</strong></span> <span class='ocrx_word' id='word_1_240' title='bbox 1315 1992 1359 2031; x_wconf 91' lang='lat' dir='ltr'><strong>in</strong></span> 
     </span>
     <span class='ocr_line' id='line_1_35' title="bbox 232 2045 1360 2097; baseline 0.003 -15"><span class='ocrx_word' id='word_1_241' title='bbox 232 2046 363 2092; x_wconf 84' lang='lat' dir='ltr'><strong>rebus)</strong></span> <span class='ocrx_word' id='word_1_242' title='bbox 392 2058 463 2096; x_wconf 91' lang='lat' dir='ltr'><strong>pro</strong></span> <span class='ocrx_word' id='word_1_243' title='bbox 492 2045 624 2092; x_wconf 86' lang='lat' dir='ltr'><strong>altero,</strong></span> <span class='ocrx_word' id='word_1_244' title='bbox 654 2058 774 2096; x_wconf 87' lang='lat' dir='ltr'><strong>quam</strong></span> <span class='ocrx_word' id='word_1_245' title='bbox 802 2045 989 2096; x_wconf 86' lang='lat' dir='ltr'><strong>pecuniae,</strong></span> <span class='ocrx_word' id='word_1_246' title='bbox 1024 2046 1219 2097; x_wconf 81' lang='lat' dir='ltr'><strong>obligatio.</strong></span> <span class='ocrx_word' id='word_1_247' title='bbox 1260 2046 1360 2086; x_wconf 81' lang='lat' dir='ltr'><strong>Haee</strong></span> 
     </span>
     <span class='ocr_line' id='line_1_36' title="bbox 233 2098 1361 2151; baseline 0.004 -16"><span class='ocrx_word' id='word_1_248' title='bbox 233 2098 339 2136; x_wconf 86' lang='lat' dir='ltr'><strong>enim</strong></span> <span class='ocrx_word' id='word_1_249' title='bbox 365 2099 459 2137; x_wconf 87' lang='lat' dir='ltr'><strong>solvi</strong></span> <span class='ocrx_word' id='word_1_250' title='bbox 482 2106 620 2150; x_wconf 84' lang='lat' dir='ltr'><strong>potest,</strong></span> <span class='ocrx_word' id='word_1_251' title='bbox 648 2107 686 2137; x_wconf 87' lang='lat' dir='ltr'><strong>et</strong></span> <span class='ocrx_word' id='word_1_252' title='bbox 705 2107 761 2138; x_wconf 90' lang='lat' dir='ltr'><strong>est</strong></span> <span class='ocrx_word' id='word_1_253' title='bbox 784 2100 839 2138; x_wconf 91' lang='lat' dir='ltr'><strong>rei</strong></span> <span class='ocrx_word' id='word_1_254' title='bbox 860 2099 1060 2138; x_wconf 84' lang='lat' dir='ltr'><strong>familiaris</strong></span> <span class='ocrx_word' id='word_1_255' title='bbox 1087 2101 1237 2151; x_wconf 82' lang='lat' dir='ltr'><strong>jactura</strong></span> <span class='ocrx_word' id='word_1_256' title='bbox 1265 2101 1361 2140; x_wconf 78' lang='lat' dir='ltr'><strong>tole-</strong></span> 
     </span>
     <span class='ocr_line' id='line_1_37' title="bbox 236 2152 1362 2207; baseline 0.006 -19"><span class='ocrx_word' id='word_1_257' title='bbox 236 2152 395 2192; x_wconf 82' lang='lat' dir='ltr'><strong>rabilis:</strong></span> <span class='ocrx_word' id='word_1_258' title='bbox 426 2153 646 2206; x_wconf 87' lang='lat' dir='ltr'><strong>reipublicae</strong></span> <span class='ocrx_word' id='word_1_259' title='bbox 676 2153 780 2206; x_wconf 89' lang='lat' dir='ltr'><strong>quod</strong></span> <span class='ocrx_word' id='word_1_260' title='bbox 813 2153 1076 2206; x_wconf 80' lang='lat' dir='ltr'><strong>spoponderis,</strong></span> <span class='ocrx_word' id='word_1_261' title='bbox 1110 2153 1362 2207; x_wconf 75' lang='lat' dir='ltr'><strong>quemadmo-</strong></span> 
     </span>
    </p>
   </div>
  </div>
 </body>
</html>
