1477 2365
2 2290 28 2365 :⁴⁴⁵⁹
13 2254 17 2261 -

317 79 398 120 AD
427 78 716 119 ATTICUM.
747 78 849 117 Lm.
878 77 953 117 IX.
988 74 1048 117 10.
1196 79 1254 118 19;

134 188 272 230 Aberit
292 200 369 227 non
393 188 521 238 longe,
541 187 635 238 quin
661 187 732 225 hoc
761 200 784 224 a
803 199 865 224 me
886 186 1035 224 decerni
1055 185 1158 232 velit,
1180 197 1246 223 ne-

135 257 209 295 que
227 243 275 281 sit
292 250 490 281 contentus
504 240 646 289 Galba,
662 241 845 287 Scaevolir,
867 239 1010 286 Cassio,
1032 239 1218 277 Antonio.

409 333 497 364 Τοτε
517 342 576 375 μοι
595 341 694 378 χανοι
715 342 827 377 sufem
845 329 959 378 χὲῑωι».

188 402 277 449 Sed,
287 407 431 453 quanta
445 408 647 451 tempestas
661 400 893 450 impendeat,
903 399 1017 438 vides.
1030 400 1111 448 Qui
1122 409 1244 440 trans-

129 457 240 494 ierint
258 462 458 500 senatores,
479 454 640 492 scribam
660 453 709 491 ad
727 461 778 500 te,
799 466 887 491 cum
913 462 1058 492 certum
1078 455 1240 493 habebo.

129 510 192 548 De
209 522 249 548 re
267 506 514 546 frumentaria
532 514 630 545 recte
649 507 828 557 intelligis
844 521 856 552 ;
887 520 974 558 quoe
998 508 1105 545 nullo
1124 509 1240 546 modo

125 562 381 602 administrari
399 561 479 599 sine
493 560 739 611 vectigalibus
758 568 881 611 potest
897 575 906 598 ε
938 573 1007 599 nec
1026 562 1106 599 sine
1125 563 1238 600 causa

124 624 163 655 et
190 629 252 655 eos
270 615 337 668 qui
355 615 497 654 circum
516 615 628 652 illum
654 621 757 662 sunt,
777 614 908 652 omnia
931 616 1181 665 postulantes,
1203 623 1240 654 et

125 670 269 709 bellum
287 668 490 717 nefarium,
511 668 635 706 times.

179 723 407 762 Trebatium
435 729 623 769 nostrum,
658 721 727 759 etsi
752 725 813 764 (ut
843 722 991 770 scribis)
1017 723 1115 760 nihil
1145 725 1244 762 bene

124 784 263 829 sperat,
283 784 412 814 tamen
431 775 556 814 videre
575 787 664 813 sane
681 775 796 813 velim
813 790 823 813 z
851 789 968 826 quem
987 776 1046 814 fac
1064 777 1237 823 horteris,

124 833 168 869 ut
185 837 371 882 properet.
408 829 638 881 Opportune
657 829 759 867 enim
778 829 826 867 ad
845 842 907 867 me
926 836 1014 868 ante
1032 830 1237 869 adventum

125 883 287 924 Caesaris
306 883 460 922 venerit.

178 938 240 976 De
262 937 479 985 Lanuvino,
501 938 642 986 statim,
670 944 716 975 ut
742 937 872 976 audivi
895 937 1108 976 Phameam
1136 950 1239 976 mor-

123 1002 250 1038 tuum,
271 991 410 1042 optavi,
438 991 469 1029 si
492 991 607 1029 modo
626 998 721 1029 esset
739 990 869 1029 futura
887 992 1114 1043 respublica,
1135 999 1179 1030 ut
1197 992 1237 1030 id

121 1046 259 1107 aliquis
289 1051 430 1082 emeret
459 1057 657 1083 meorum:
702 1057 826 1096 neque
855 1052 981 1083 tamen
1006 1045 1054 1084 de
1085 1053 1137 1093 te,
1169 1046 1237 1097 qui

118 1099 288 1138 maxime
299 1111 421 1146 meus,
429 1099 602 1150 cogitari.
620 1098 793 1137 Sciebam
810 1098 912 1136 enim
925 1106 976 1147 te,
990 1107 1107 1150 quoto
1119 1112 1235 1146 anno,

122 1161 160 1192 et
191 1159 380 1204 quantum
405 1152 445 1190 in
467 1153 561 1197 solo,
587 1152 706 1191 solere
735 1165 927 1202 quaerere:
956 1165 1126 1204 neque
1111 1153 1236 1191 solum

123 1207 274 1254 Romae,
306 1205 371 1243 sed
401 1206 517 1243 etiam
548 1205 653 1254 Deli,
687 1213 800 1243 tuum
832 1206 1029 1257 digamma
1046 1206 1230 1245 videram.

119 1261 398 1299 Verumtamen
417 1272 487 1310 ego
511 1259 622 1306 illud,
644 1272 881 1310 quamquam
901 1267 956 1297 est
980 1260 1141 1308 bellum,
1161 1261 1237 1298 mi-

118 1314 219 1353 noris
237 1313 396 1361 aestimo,
417 1326 535 1364 quam
555 1313 812 1351 aestimabatur
827 1313 1055 1352 Marcellino
1066 1315 1234 1362 consule,

118 1380 207 1407 eum
223 1379 291 1418 ego
308 1367 400 1405 istos
418 1367 603 1415 hortulos,
623 1374 777 1418 propter
795 1367 969 1415 domum,
983 1368 1097 1405 Antii
1116 1381 1235 1419 quam

117 1429 203 1460 tum
234 1421 456 1486 habebam,
469 1421 712 1470 jucundiores
739 1421 838 1458 mihi
864 1421 944 1459 fore
970 1423 1169 1473 putabam,
1198 1430 1236 1460 et

118 1476 265 1514 minore
290 1474 478 1526 impensa,
505 1487 624 1526 quam
647 1474 678 1513 si
696 1474 964 1513 Tusculanum
992 1476 1230 1514 refecissem.

114 1528 221 1568 volui
232 1529 303 1567 HS
316 1528 380 1566 D.
367 1528 453 1579 egi
464 1541 531 1580 per
537 1528 720 1579 praedem,
733 1528 798 1566 ine
805 1529 872 1566 dar
874 1536 924 1576 et,
933 1529 1048 1567 Antii
1063 1542 1150 1567 cum
1162 1530 1233 1568 ha-

115 1585 221 1622 beret
232 1583 386 1621 venale:
408 1582 544 1620 noluit.
566 1582 642 1621 Sed
656 1594 759 1620 nunc
771 1582 900 1621 omnia
912 1583 985 1621 ista
999 1584 1123 1632 jacere
1137 1590 1232 1635 puto

73 1683 75 1685 ι
113 1643 267 1698 propter
282 1649 532 1674 nummorum
550 1636 756 1674 caritatem.
786 1636 892 1674 Mihi
906 1637 1063 1688 quidem
1076 1638 1145 1676 erit
1163 1650 1234 1689 ap-

116 1690 321 1751 tissimum,
335 1691 396 1729 vel
409 1690 520 1728 nobis
535 1689 677 1741 potiuS,
692 1690 723 1728 si
735 1698 776 1728 tu
797 1690 944 1728 emeris.
973 1691 1048 1729 Sed
1068 1692 1150 1741 ejus
1165 1692 1232 1729 de-

116 1744 276 1782 mentias
290 1757 379 1782 cave
393 1751 622 1782 contemnas.
637 1743 763 1782 Valde
775 1751 831 1782 est
843 1757 865 1782 v
868 1751 1072 1783 enustum:
1091 1758 1232 1796 quam-

116 1810 234 1850 quam
251 1797 348 1836 mihi
366 1798 438 1836 ista
456 1810 585 1836 omma
592 1811 675 1847 Jam
694 1797 844 1836 addicta
857 1798 1023 1836 vastitati
1041 1799 1230 1837 videntur.

167 1851 364 1903 Respondi
383 1851 548 1903 epistolis
566 1851 707 1890 tribus:
731 1851 797 1889 sed
816 1860 989 1903 exspecto
1001 1852 1117 1890 alias:
1138 1865 1231 1891 nam

111 1917 178 1945 me
191 1905 316 1944 adhuc
329 1912 406 1944 tuae
422 1905 541 1944 literae
555 1903 825 1944 sustentarunt.
854 1905 960 1944 Data
973 1906 1228 1945 Liberalibus.

327 2012 443 2065 (10.)
482 2012 691 2055 CICERO
720 2013 942 2052 ATTICO
971 2015 1010 2053 S.

167 2121 277 2169 Nihil
312 2121 516 2170 habebam,
554 2122 657 2173 quod
696 2121 908 2160 scriberem.
951 2122 1091 2173 Neque
1124 2124 1223 2161 enim

113 2175 201 2216 novi
232 2174 444 2227 quidquam
477 2176 697 2218 audieram;
739 2184 775 2214 ct
805 2176 852 2214 ad
886 2185 970 2214 tuns
1000 2189 1131 2215 omncs
1168 2190 1225 2216 re-
