<?xml version="1.0" encoding="UTF-8"?>
<!DOCTYPE html PUBLIC "-//W3C//DTD XHTML 1.0 Transitional//EN"
    "http://www.w3.org/TR/xhtml1/DTD/xhtml1-transitional.dtd">
<html xmlns="http://www.w3.org/1999/xhtml" xml:lang="en" lang="en">
 <head>
  <title>
</title>
<meta http-equiv="Content-Type" content="text/html;charset=utf-8" />
  <meta name='ocr-system' content='tesseract 3.04.00' />
  <meta name='ocr-capabilities' content='ocr_page ocr_carea ocr_par ocr_line ocrx_word'/>
</head>
<body>
  <div class='ocr_page' id='page_1' title='image "./operaern11ciceuoft_0377.png"; bbox 0 0 1498 2401; ppageno 0'>
   <div class='ocr_carea' id='block_1_1' title="bbox 410 87 1308 130">
    <p class='ocr_par' dir='ltr' id='par_1_1' title="bbox 410 87 1308 130">
     <span class='ocr_line' id='line_1_1' title="bbox 410 87 1308 130; baseline -0.004 -1"><span class='ocrx_word' id='word_1_1' title='bbox 410 89 497 130; x_wconf 92' lang='lat' dir='ltr'><strong>AD</strong></span> <span class='ocrx_word' id='word_1_2' title='bbox 525 89 793 129; x_wconf 86' lang='lat' dir='ltr'><strong>BRUTUM.</strong></span> <span class='ocrx_word' id='word_1_3' title='bbox 822 89 986 128; x_wconf 76' lang='lat' dir='ltr'><strong>Ems&#39;r.</strong></span> <span class='ocrx_word' id='word_1_4' title='bbox 1011 89 1073 127; x_wconf 84' lang='lat'><strong>15.</strong></span> <span class='ocrx_word' id='word_1_5' title='bbox 1223 87 1308 126; x_wconf 82' lang='lat'><strong>363</strong></span> 
     </span>
    </p>
   </div>
   <div class='ocr_carea' id='block_1_2' title="bbox 175 195 1321 2269">
    <p class='ocr_par' dir='ltr' id='par_1_2' title="bbox 176 195 1310 578">
     <span class='ocr_line' id='line_1_2' title="bbox 178 195 1309 251; baseline -0.004 -12"><span class='ocrx_word' id='word_1_6' title='bbox 178 224 186 227; x_wconf 74' lang='lat'><strong><em>—</em></strong></span> <span class='ocrx_word' id='word_1_7' title='bbox 231 198 309 239; x_wconf 80' lang='lat' dir='ltr'><strong>Sed</strong></span> <span class='ocrx_word' id='word_1_8' title='bbox 322 197 475 238; x_wconf 74' lang='lat' dir='ltr'><strong>animns</strong></span> <span class='ocrx_word' id='word_1_9' title='bbox 491 198 610 249; x_wconf 89' lang='lat' dir='ltr'><strong>idem,</strong></span> <span class='ocrx_word' id='word_1_10' title='bbox 627 199 696 251; x_wconf 88' lang='lat' dir='ltr'><strong>qui</strong></span> <span class='ocrx_word' id='word_1_11' title='bbox 715 211 864 251; x_wconf 85' lang='lat' dir='ltr'>semper</span> <span class='ocrx_word' id='word_1_12' title='bbox 881 198 1026 237; x_wconf 83' lang='lat' dir='ltr'><strong>infixus</strong></span> <span class='ocrx_word' id='word_1_13' title='bbox 1040 205 1098 237; x_wconf 62' lang='grc' dir='ltr'><strong>ωε</strong></span> <span class='ocrx_word' id='word_1_14' title='bbox 1115 197 1157 236; x_wconf 91' lang='lat' dir='ltr'><strong>in</strong></span> <span class='ocrx_word' id='word_1_15' title='bbox 1174 195 1309 249; x_wconf 83' lang='lat' dir='ltr'><strong>patriae</strong></span> 
     </span>
     <span class='ocr_line' id='line_1_3' title="bbox 176 251 1309 305; baseline -0.004 -13"><span class='ocrx_word' id='word_1_16' title='bbox 176 253 348 303; x_wconf 85' lang='lat' dir='ltr'><strong>caritate,</strong></span> <span class='ocrx_word' id='word_1_17' title='bbox 368 253 577 292; x_wconf 78' lang='lat' dir='ltr'><strong>discessum</strong></span> <span class='ocrx_word' id='word_1_18' title='bbox 595 255 643 292; x_wconf 92' lang='lat' dir='ltr'><strong>ab</strong></span> <span class='ocrx_word' id='word_1_19' title='bbox 663 255 747 303; x_wconf 90' lang='lat' dir='ltr'><strong>ejus</strong></span> <span class='ocrx_word' id='word_1_20' title='bbox 761 254 940 305; x_wconf 85' lang='lat' dir='ltr'><strong>periculis</strong></span> <span class='ocrx_word' id='word_1_21' title='bbox 958 253 1056 292; x_wconf 88' lang='lat' dir='ltr'><strong>ferre</strong></span> <span class='ocrx_word' id='word_1_22' title='bbox 1074 265 1152 291; x_wconf 92' lang='lat' dir='ltr'><strong>non</strong></span> <span class='ocrx_word' id='word_1_23' title='bbox 1170 251 1309 303; x_wconf 80' lang='lat' dir='ltr'><strong>potuit.</strong></span> 
     </span>
     <span class='ocr_line' id='line_1_4' title="bbox 177 305 1310 369; baseline -0.004 -22"><span class='ocrx_word' id='word_1_24' title='bbox 177 308 363 360; x_wconf 86' lang='lat' dir='ltr'><strong>Itaque,</strong></span> <span class='ocrx_word' id='word_1_25' title='bbox 351 321 393 346; x_wconf 89' lang='grc'><strong>111</strong></span> <span class='ocrx_word' id='word_1_26' title='bbox 411 307 539 347; x_wconf 91' lang='lat' dir='ltr'><strong>medio</strong></span> <span class='ocrx_word' id='word_1_27' title='bbox 551 307 724 346; x_wconf 78' lang='lat' dir='ltr'><strong>Achaico</strong></span> <span class='ocrx_word' id='word_1_28' title='bbox 743 320 875 369; x_wconf 69' lang='lat' dir='ltr'><strong>cursu,</strong></span> <span class='ocrx_word' id='word_1_29' title='bbox 887 321 977 346; x_wconf 88' lang='lat' dir='ltr'><strong>cum</strong></span> <span class='ocrx_word' id='word_1_30' title='bbox 992 307 1214 346; x_wconf 86' lang='lat' dir='ltr'><strong>Etesiarum</strong></span> <span class='ocrx_word' id='word_1_31' title='bbox 1229 305 1310 343; x_wconf 85' lang='lat' dir='ltr'><strong>die-</strong></span> 
     </span>
     <span class='ocr_line' id='line_1_5' title="bbox 176 359 1309 414; baseline -0.002 -13"><span class='ocrx_word' id='word_1_32' title='bbox 176 363 250 401; x_wconf 93' lang='lat' dir='ltr'><strong>bus</strong></span> <span class='ocrx_word' id='word_1_33' title='bbox 269 365 416 401; x_wconf 87' lang='lat' dir='ltr'><strong>Auster</strong></span> <span class='ocrx_word' id='word_1_34' title='bbox 433 375 496 401; x_wconf 90' lang='lat' dir='ltr'><strong>me</strong></span> <span class='ocrx_word' id='word_1_35' title='bbox 514 363 554 400; x_wconf 93' lang='lat' dir='ltr'><strong>in</strong></span> <span class='ocrx_word' id='word_1_36' title='bbox 576 363 746 408; x_wconf 89' lang='lat' dir='ltr'><strong>Italiam,</strong></span> <span class='ocrx_word' id='word_1_37' title='bbox 769 363 879 414; x_wconf 83' lang='lat' dir='ltr'>quasi</span> <span class='ocrx_word' id='word_1_38' title='bbox 897 362 1088 400; x_wconf 85' lang='lat' dir='ltr'>dissuasor</span> <span class='ocrx_word' id='word_1_39' title='bbox 1100 359 1309 399; x_wconf 77' lang='grc' dir='ltr'>111810οΠ51-</span> 
     </span>
     <span class='ocr_line' id='line_1_6' title="bbox 176 416 1310 468; baseline -0.004 -12"><span class='ocrx_word' id='word_1_40' title='bbox 176 416 237 465; x_wconf 87' lang='lat' dir='ltr'><strong>lii,</strong></span> <span class='ocrx_word' id='word_1_41' title='bbox 268 417 472 467; x_wconf 82' lang='lat' dir='ltr'><strong>retulisset,</strong></span> <span class='ocrx_word' id='word_1_42' title='bbox 499 424 537 456; x_wconf 84' lang='lat' dir='ltr'><strong>te</strong></span> <span class='ocrx_word' id='word_1_43' title='bbox 566 417 646 455; x_wconf 91' lang='lat' dir='ltr'><strong>vidi</strong></span> <span class='ocrx_word' id='word_1_44' title='bbox 669 417 708 455; x_wconf 91' lang='lat' dir='ltr'>V</span> <span class='ocrx_word' id='word_1_45' title='bbox 712 417 808 463; x_wconf 85' lang='lat' dir='ltr'><strong>eliae,</strong></span> <span class='ocrx_word' id='word_1_46' title='bbox 839 417 1023 468; x_wconf 89' lang='lat' dir='ltr'><strong>doluique</strong></span> <span class='ocrx_word' id='word_1_47' title='bbox 1053 417 1310 454; x_wconf 88' lang='lat' dir='ltr'><strong>vehementer.</strong></span> 
     </span>
     <span class='ocr_line' id='line_1_7' title="bbox 177 469 1306 523; baseline -0.002 -14"><span class='ocrx_word' id='word_1_48' title='bbox 177 470 352 510; x_wconf 85' lang='lat' dir='ltr'><strong>Cedebas</strong></span> <span class='ocrx_word' id='word_1_49' title='bbox 381 472 498 519; x_wconf 91' lang='lat' dir='ltr'><strong>enim,</strong></span> <span class='ocrx_word' id='word_1_50' title='bbox 538 472 694 518; x_wconf 81' lang='lat' dir='ltr'><strong>Brute3</strong></span> <span class='ocrx_word' id='word_1_51' title='bbox 735 471 923 518; x_wconf 86' lang='lat' dir='ltr'><strong>cedebas,</strong></span> <span class='ocrx_word' id='word_1_52' title='bbox 912 485 922 494; x_wconf 90' lang='lat'><strong>·</strong></span> <span class='ocrx_word' id='word_1_53' title='bbox 964 471 1150 523; x_wconf 89' lang='lat' dir='ltr'><strong>quoniam</strong></span> <span class='ocrx_word' id='word_1_54' title='bbox 1186 469 1306 508; x_wconf 72' lang='lat' dir='ltr'><strong>Stoici</strong></span> 
     </span>
     <span class='ocr_line' id='line_1_8' title="bbox 177 525 839 578; baseline -0.002 -14"><span class='ocrx_word' id='word_1_55' title='bbox 177 526 299 565; x_wconf 87' lang='lat' dir='ltr'><strong>nostri</strong></span> <span class='ocrx_word' id='word_1_56' title='bbox 317 534 474 578; x_wconf 89' lang='lat' dir='ltr'><strong>negant,</strong></span> <span class='ocrx_word' id='word_1_57' title='bbox 494 526 628 578; x_wconf 85' lang='lat' dir='ltr'><strong>fugere</strong></span> <span class='ocrx_word' id='word_1_58' title='bbox 647 525 839 577; x_wconf 84' lang='lat' dir='ltr'><strong>sapientis.</strong></span> 
     </span>
    </p>

    <p class='ocr_par' dir='ltr' id='par_1_3' title="bbox 177 576 1313 797">
     <span class='ocr_line' id='line_1_9' title="bbox 232 576 1311 629; baseline -0.004 -10"><span class='ocrx_word' id='word_1_59' title='bbox 232 580 406 619; x_wconf 86' lang='lat' dir='ltr'>Romam</span> <span class='ocrx_word' id='word_1_60' title='bbox 423 589 468 619; x_wconf 93' lang='lat' dir='ltr'><strong>ut</strong></span> <span class='ocrx_word' id='word_1_61' title='bbox 486 581 587 629; x_wconf 87' lang='lat' dir='ltr'><strong>veni,</strong></span> <span class='ocrx_word' id='word_1_62' title='bbox 608 581 740 619; x_wconf 87' lang='lat' dir='ltr'><strong>statim</strong></span> <span class='ocrx_word' id='word_1_63' title='bbox 765 593 829 618; x_wconf 88' lang='lat' dir='ltr'><strong>me</strong></span> <span class='ocrx_word' id='word_1_64' title='bbox 853 579 978 618; x_wconf 89' lang='lat' dir='ltr'><strong>obtuli</strong></span> <span class='ocrx_word' id='word_1_65' title='bbox 998 579 1161 618; x_wconf 82' lang='lat' dir='ltr'><strong>Antonii</strong></span> <span class='ocrx_word' id='word_1_66' title='bbox 1179 576 1311 616; x_wconf 84' lang='lat' dir='ltr'><strong>sceleri</strong></span> 
     </span>
     <span class='ocr_line' id='line_1_10' title="bbox 177 634 1313 697; baseline -0.004 -24"><span class='ocrx_word' id='word_1_67' title='bbox 177 640 295 697; x_wconf 83' lang='lat' dir='ltr'><strong>atque</strong></span> <span class='ocrx_word' id='word_1_68' title='bbox 313 635 543 674; x_wconf 85' lang='lat' dir='ltr'><strong>dementiae.</strong></span> <span class='ocrx_word' id='word_1_69' title='bbox 566 648 684 687; x_wconf 89' lang='lat' dir='ltr'><strong>quem</strong></span> <span class='ocrx_word' id='word_1_70' title='bbox 703 647 793 673; x_wconf 88' lang='lat' dir='ltr'><strong>cum</strong></span> <span class='ocrx_word' id='word_1_71' title='bbox 805 634 846 672; x_wconf 90' lang='lat' dir='ltr'><strong>in</strong></span> <span class='ocrx_word' id='word_1_72' title='bbox 860 647 923 672; x_wconf 89' lang='lat' dir='ltr'><strong>me</strong></span> <span class='ocrx_word' id='word_1_73' title='bbox 937 634 1109 673; x_wconf 60' lang='lat' dir='ltr'><strong>incitaris</strong></span> <span class='ocrx_word' id='word_1_74' title='bbox 1113 646 1207 681; x_wconf 90' lang='lat' dir='ltr'><strong>sem,</strong></span> <span class='ocrx_word' id='word_1_75' title='bbox 1221 644 1313 670; x_wconf 90' lang='lat' dir='ltr'><strong>con-</strong></span> 
     </span>
     <span class='ocr_line' id='line_1_11' title="bbox 177 688 1310 742; baseline -0.003 -14"><span class='ocrx_word' id='word_1_76' title='bbox 177 689 287 728; x_wconf 85' lang='lat' dir='ltr'><strong>silia</strong></span> <span class='ocrx_word' id='word_1_77' title='bbox 277 689 374 727; x_wconf 89' lang='lat' dir='ltr'><strong>mire</strong></span> <span class='ocrx_word' id='word_1_78' title='bbox 392 690 487 742; x_wconf 91' lang='lat' dir='ltr'><strong>coepi</strong></span> <span class='ocrx_word' id='word_1_79' title='bbox 511 690 680 728; x_wconf 86' lang='lat' dir='ltr'><strong>Brutina</strong></span> <span class='ocrx_word' id='word_1_80' title='bbox 703 689 818 741; x_wconf 90' lang='lat' dir='ltr'><strong>plane</strong></span> <span class='ocrx_word' id='word_1_81' title='bbox 844 688 975 732; x_wconf 87' lang='lat' dir='ltr'><strong>(vestri</strong></span> <span class='ocrx_word' id='word_1_82' title='bbox 995 689 1099 727; x_wconf 88' lang='lat' dir='ltr'><strong>enim</strong></span> <span class='ocrx_word' id='word_1_83' title='bbox 1118 688 1200 726; x_wconf 84' lang='lat' dir='ltr'><strong>haec</strong></span> <span class='ocrx_word' id='word_1_84' title='bbox 1218 693 1310 725; x_wconf 86' lang='lat' dir='ltr'><strong>sunt</strong></span> 
     </span>
     <span class='ocr_line' id='line_1_12' title="bbox 177 742 1038 797; baseline -0.001 -15"><span class='ocrx_word' id='word_1_85' title='bbox 177 744 334 797; x_wconf 87' lang='lat' dir='ltr'><strong>propria</strong></span> <span class='ocrx_word' id='word_1_86' title='bbox 348 744 566 795; x_wconf 85' lang='lat' dir='ltr'><strong>sanguinis)</strong></span> <span class='ocrx_word' id='word_1_87' title='bbox 581 744 802 796; x_wconf 87' lang='lat' dir='ltr'><strong>reipublicae</strong></span> <span class='ocrx_word' id='word_1_88' title='bbox 819 742 1038 782; x_wconf 85' lang='lat' dir='ltr'><strong>liberandae.</strong></span> 
     </span>
    </p>

    <p class='ocr_par' dir='ltr' id='par_1_4' title="bbox 175 795 1318 1722">
     <span class='ocr_line' id='line_1_13' title="bbox 233 795 1312 851; baseline -0.004 -14"><span class='ocrx_word' id='word_1_89' title='bbox 233 798 372 851; x_wconf 87' lang='lat' dir='ltr'><strong>Longa</strong></span> <span class='ocrx_word' id='word_1_90' title='bbox 390 806 494 847; x_wconf 88' lang='lat' dir='ltr'><strong>sunt,</strong></span> <span class='ocrx_word' id='word_1_91' title='bbox 509 813 596 851; x_wconf 90' lang='lat' dir='ltr'><strong>quae</strong></span> <span class='ocrx_word' id='word_1_92' title='bbox 611 806 768 846; x_wconf 80' lang='lat' dir='ltr'><strong>restant,</strong></span> <span class='ocrx_word' id='word_1_93' title='bbox 783 797 1075 850; x_wconf 89' lang='lat' dir='ltr'><strong>praetereunda.</strong></span> <span class='ocrx_word' id='word_1_94' title='bbox 1105 803 1196 835; x_wconf 90' lang='lat' dir='ltr'><strong>sunt</strong></span> <span class='ocrx_word' id='word_1_95' title='bbox 1208 795 1312 834; x_wconf 92' lang='lat' dir='ltr'><strong>enim</strong></span> 
     </span>
     <span class='ocr_line' id='line_1_14' title="bbox 177 851 1312 900; baseline -0.003 -9"><span class='ocrx_word' id='word_1_96' title='bbox 177 852 227 891; x_wconf 84' lang='lat' dir='ltr'><strong>de</strong></span> <span class='ocrx_word' id='word_1_97' title='bbox 244 865 321 892; x_wconf 91' lang='lat' dir='ltr'><strong>me.</strong></span> <span class='ocrx_word' id='word_1_98' title='bbox 353 853 530 891; x_wconf 85' lang='lat' dir='ltr'><strong>Tantum</strong></span> <span class='ocrx_word' id='word_1_99' title='bbox 556 853 654 900; x_wconf 88' lang='lat' dir='ltr'><strong>dico,</strong></span> <span class='ocrx_word' id='word_1_100' title='bbox 684 853 875 892; x_wconf 86' lang='lat' dir='ltr'><strong>Caesarem</strong></span> <span class='ocrx_word' id='word_1_101' title='bbox 899 852 1005 891; x_wconf 90' lang='lat' dir='ltr'><strong>hunc</strong></span> <span class='ocrx_word' id='word_1_102' title='bbox 1031 851 1312 890; x_wconf 86' lang='lat' dir='ltr'><strong>adolescentem</strong></span> 
     </span>
     <span class='ocr_line' id='line_1_15' title="bbox 177 905 1314 960; baseline -0.003 -15"><span class='ocrx_word' id='word_1_103' title='bbox 177 909 267 959; x_wconf 90' lang='lat' dir='ltr'><strong>(per</strong></span> <span class='ocrx_word' id='word_1_104' title='bbox 274 920 392 960; x_wconf 91' lang='lat' dir='ltr'><strong>quem</strong></span> <span class='ocrx_word' id='word_1_105' title='bbox 403 908 531 946; x_wconf 89' lang='lat' dir='ltr'><strong>adhuc</strong></span> <span class='ocrx_word' id='word_1_106' title='bbox 538 921 686 955; x_wconf 82' lang='lat' dir='ltr'><strong>sumuS,</strong></span> <span class='ocrx_word' id='word_1_107' title='bbox 697 908 728 946; x_wconf 83' lang='lat' dir='ltr'><strong>si</strong></span> <span class='ocrx_word' id='word_1_108' title='bbox 737 920 870 946; x_wconf 82' lang='lat' dir='ltr'><strong>verum</strong></span> <span class='ocrx_word' id='word_1_109' title='bbox 882 907 993 945; x_wconf 87' lang='lat' dir='ltr'><strong>fateri</strong></span> <span class='ocrx_word' id='word_1_110' title='bbox 1001 905 1202 955; x_wconf 89' lang='lat' dir='ltr'><strong>volumus)</strong></span> <span class='ocrx_word' id='word_1_111' title='bbox 1211 905 1314 943; x_wconf 80' lang='lat' dir='ltr'><strong>flux-</strong></span> 
     </span>
     <span class='ocr_line' id='line_1_16' title="bbox 176 960 1312 1001; baseline -0.003 -1"><span class='ocrx_word' id='word_1_112' title='bbox 176 961 251 1001; x_wconf 84' lang='lat' dir='ltr'><strong>isse</strong></span> <span class='ocrx_word' id='word_1_113' title='bbox 265 974 315 1000; x_wconf 81' lang='lat' dir='ltr'><strong>ex</strong></span> <span class='ocrx_word' id='word_1_114' title='bbox 332 962 438 1001; x_wconf 86' lang='lat' dir='ltr'><strong>fonte</strong></span> <span class='ocrx_word' id='word_1_115' title='bbox 457 963 704 1001; x_wconf 88' lang='lat' dir='ltr'><strong>consiliorum</strong></span> <span class='ocrx_word' id='word_1_116' title='bbox 722 974 912 1000; x_wconf 89' lang='lat' dir='ltr'><strong>meorum.</strong></span> <span class='ocrx_word' id='word_1_117' title='bbox 943 961 1050 1000; x_wconf 89' lang='lat' dir='ltr'><strong>Huic</strong></span> <span class='ocrx_word' id='word_1_118' title='bbox 1068 960 1191 999; x_wconf 84' lang='lat' dir='ltr'><strong>habiti</strong></span> <span class='ocrx_word' id='word_1_119' title='bbox 1211 973 1234 997; x_wconf 90' lang='lat' dir='ltr'><strong>a</strong></span> <span class='ocrx_word' id='word_1_120' title='bbox 1247 972 1312 997; x_wconf 91' lang='lat' dir='ltr'><strong>me</strong></span> 
     </span>
     <span class='ocr_line' id='line_1_17' title="bbox 175 1013 1309 1079; baseline -0.003 -24"><span class='ocrx_word' id='word_1_121' title='bbox 175 1016 340 1055; x_wconf 87' lang='lat' dir='ltr'><strong>honores</strong></span> <span class='ocrx_word' id='word_1_122' title='bbox 359 1017 458 1055; x_wconf 84' lang='lat' dir='ltr'><strong>nulli</strong></span> <span class='ocrx_word' id='word_1_123' title='bbox 478 1017 653 1079; x_wconf 70' lang='lat' dir='ltr'><strong>quidem,</strong></span> <span class='ocrx_word' id='word_1_124' title='bbox 671 1017 809 1063; x_wconf 82' lang='lat' dir='ltr'><strong>Brute,</strong></span> <span class='ocrx_word' id='word_1_125' title='bbox 831 1016 904 1054; x_wconf 88' lang='lat' dir='ltr'><strong>nisi</strong></span> <span class='ocrx_word' id='word_1_126' title='bbox 923 1015 1064 1054; x_wconf 85' lang='lat' dir='ltr'><strong>debiti:</strong></span> <span class='ocrx_word' id='word_1_127' title='bbox 1098 1015 1213 1060; x_wconf 89' lang='lat' dir='ltr'><strong>nulli,</strong></span> <span class='ocrx_word' id='word_1_128' title='bbox 1233 1013 1309 1052; x_wconf 89' lang='lat' dir='ltr'><strong>nisi</strong></span> 
     </span>
     <span class='ocr_line' id='line_1_18' title="bbox 176 1068 1313 1123; baseline -0.003 -13"><span class='ocrx_word' id='word_1_129' title='bbox 176 1071 388 1110; x_wconf 67' lang='lat' dir='ltr'><strong>necessarii.</strong></span> <span class='ocrx_word' id='word_1_130' title='bbox 410 1072 467 1110; x_wconf 93' lang='lat' dir='ltr'><strong>Ut</strong></span> <span class='ocrx_word' id='word_1_131' title='bbox 482 1072 585 1110; x_wconf 91' lang='lat' dir='ltr'><strong>enim</strong></span> <span class='ocrx_word' id='word_1_132' title='bbox 596 1072 769 1123; x_wconf 90' lang='lat' dir='ltr'><strong>primum</strong></span> <span class='ocrx_word' id='word_1_133' title='bbox 781 1071 997 1109; x_wconf 87' lang='lat' dir='ltr'><strong>libertatem</strong></span> <span class='ocrx_word' id='word_1_134' title='bbox 1010 1082 1184 1108; x_wconf 87' lang='lat' dir='ltr'><strong>revocare</strong></span> <span class='ocrx_word' id='word_1_135' title='bbox 1198 1068 1313 1120; x_wconf 87' lang='lat' dir='ltr'><strong>coepi-</strong></span> 
     </span>
     <span class='ocr_line' id='line_1_19' title="bbox 177 1123 1314 1177; baseline -0.003 -13"><span class='ocrx_word' id='word_1_136' title='bbox 177 1137 282 1174; x_wconf 87' lang='lat' dir='ltr'><strong>mus,</strong></span> <span class='ocrx_word' id='word_1_137' title='bbox 303 1138 393 1164; x_wconf 91' lang='lat' dir='ltr'><strong>cum</strong></span> <span class='ocrx_word' id='word_1_138' title='bbox 406 1139 446 1165; x_wconf 93' lang='lat' dir='ltr'><strong>se</strong></span> <span class='ocrx_word' id='word_1_139' title='bbox 457 1126 632 1164; x_wconf 90' lang='lat' dir='ltr'><strong>nondum</strong></span> <span class='ocrx_word' id='word_1_140' title='bbox 647 1139 695 1164; x_wconf 93' lang='lat' dir='ltr'><strong>ne</strong></span> <span class='ocrx_word' id='word_1_141' title='bbox 709 1125 864 1164; x_wconf 88' lang='lat' dir='ltr'><strong>Decimi</strong></span> <span class='ocrx_word' id='word_1_142' title='bbox 878 1124 1038 1177; x_wconf 90' lang='lat' dir='ltr'><strong>quidem</strong></span> <span class='ocrx_word' id='word_1_143' title='bbox 1052 1125 1169 1163; x_wconf 87' lang='lat' dir='ltr'><strong>Bruti</strong></span> <span class='ocrx_word' id='word_1_144' title='bbox 1183 1123 1314 1161; x_wconf 85' lang='lat' dir='ltr'><strong>divina</strong></span> 
     </span>
     <span class='ocr_line' id='line_1_20' title="bbox 177 1179 1314 1231; baseline -0.003 -12"><span class='ocrx_word' id='word_1_145' title='bbox 177 1180 300 1219; x_wconf 88' lang='lat' dir='ltr'><strong>virtus</strong></span> <span class='ocrx_word' id='word_1_146' title='bbox 314 1180 369 1218; x_wconf 80' lang='lat' dir='ltr'><strong>ita</strong></span> <span class='ocrx_word' id='word_1_147' title='bbox 383 1181 661 1230; x_wconf 78' lang='lat' dir='ltr'><strong>commovisset,</strong></span> <span class='ocrx_word' id='word_1_148' title='bbox 678 1188 723 1218; x_wconf 90' lang='lat' dir='ltr'><strong>ut</strong></span> <span class='ocrx_word' id='word_1_149' title='bbox 738 1181 822 1230; x_wconf 82' lang='lat' dir='ltr'><strong>jam</strong></span> <span class='ocrx_word' id='word_1_150' title='bbox 840 1179 882 1217; x_wconf 90' lang='lat' dir='ltr'><strong>id</strong></span> <span class='ocrx_word' id='word_1_151' title='bbox 899 1180 994 1218; x_wconf 87' lang='lat' dir='ltr'><strong>scire</strong></span> <span class='ocrx_word' id='word_1_152' title='bbox 1006 1192 1234 1231; x_wconf 86' lang='lat' dir='ltr'><strong>possemus;</strong></span> <span class='ocrx_word' id='word_1_153' title='bbox 1256 1185 1314 1215; x_wconf 91' lang='lat' dir='ltr'><strong>at-</strong></span> 
     </span>
     <span class='ocr_line' id='line_1_21' title="bbox 178 1233 1313 1287; baseline -0.003 -14"><span class='ocrx_word' id='word_1_154' title='bbox 178 1248 257 1287; x_wconf 91' lang='lat' dir='ltr'><strong>que</strong></span> <span class='ocrx_word' id='word_1_155' title='bbox 274 1247 389 1273; x_wconf 91' lang='lat' dir='ltr'><strong>omne</strong></span> <span class='ocrx_word' id='word_1_156' title='bbox 408 1235 633 1287; x_wconf 86' lang='lat' dir='ltr'><strong>praesidium</strong></span> <span class='ocrx_word' id='word_1_157' title='bbox 653 1242 748 1274; x_wconf 89' lang='lat' dir='ltr'><strong>esset</strong></span> <span class='ocrx_word' id='word_1_158' title='bbox 766 1235 807 1273; x_wconf 91' lang='lat' dir='ltr'><strong>in</strong></span> <span class='ocrx_word' id='word_1_159' title='bbox 826 1247 962 1286; x_wconf 88' lang='lat' dir='ltr'><strong>puero,</strong></span> <span class='ocrx_word' id='word_1_160' title='bbox 983 1234 1052 1286; x_wconf 89' lang='lat' dir='ltr'><strong>qui</strong></span> <span class='ocrx_word' id='word_1_161' title='bbox 1067 1247 1090 1272; x_wconf 90' lang='lat' dir='ltr'><strong>a</strong></span> <span class='ocrx_word' id='word_1_162' title='bbox 1104 1233 1313 1272; x_wconf 88' lang='lat' dir='ltr'><strong>cervicibus</strong></span> 
     </span>
     <span class='ocr_line' id='line_1_22' title="bbox 177 1286 1316 1341; baseline -0.004 -13"><span class='ocrx_word' id='word_1_163' title='bbox 177 1289 316 1328; x_wconf 90' lang='lat' dir='ltr'><strong>nostris</strong></span> <span class='ocrx_word' id='word_1_164' title='bbox 335 1290 528 1329; x_wconf 89' lang='lat' dir='ltr'><strong>avertisset</strong></span> <span class='ocrx_word' id='word_1_165' title='bbox 545 1290 796 1335; x_wconf 86' lang='lat' dir='ltr'><strong>Antonium;</strong></span> <span class='ocrx_word' id='word_1_166' title='bbox 828 1289 915 1341; x_wconf 90' lang='lat' dir='ltr'><strong>quis</strong></span> <span class='ocrx_word' id='word_1_167' title='bbox 941 1289 1062 1327; x_wconf 88' lang='lat' dir='ltr'><strong>honos</strong></span> <span class='ocrx_word' id='word_1_168' title='bbox 1081 1288 1117 1326; x_wconf 93' lang='lat' dir='ltr'><strong>ei</strong></span> <span class='ocrx_word' id='word_1_169' title='bbox 1141 1300 1220 1325; x_wconf 92' lang='lat' dir='ltr'><strong>non</strong></span> <span class='ocrx_word' id='word_1_170' title='bbox 1239 1286 1316 1324; x_wconf 83' lang='lat' dir='ltr'><strong>fuit</strong></span> 
     </span>
     <span class='ocr_line' id='line_1_23' title="bbox 178 1341 1317 1397; baseline -0.003 -15"><span class='ocrx_word' id='word_1_171' title='bbox 178 1343 470 1384; x_wconf 86' lang='lat' dir='ltr'><strong>decernendus?</strong></span> <span class='ocrx_word' id='word_1_172' title='bbox 499 1357 740 1397; x_wconf 90' lang='lat' dir='ltr'><strong>quamquam</strong></span> <span class='ocrx_word' id='word_1_173' title='bbox 757 1357 827 1396; x_wconf 88' lang='lat' dir='ltr'><strong>ego</strong></span> <span class='ocrx_word' id='word_1_174' title='bbox 841 1344 899 1381; x_wconf 79' lang='lat' dir='ltr'><strong>illi</strong></span> <span class='ocrx_word' id='word_1_175' title='bbox 912 1351 997 1382; x_wconf 87' lang='lat' dir='ltr'><strong>tum</strong></span> <span class='ocrx_word' id='word_1_176' title='bbox 1010 1344 1215 1382; x_wconf 86' lang='lat' dir='ltr'><strong>verborum</strong></span> <span class='ocrx_word' id='word_1_177' title='bbox 1229 1341 1317 1379; x_wconf 90' lang='lat' dir='ltr'><strong>lau-</strong></span> 
     </span>
     <span class='ocr_line' id='line_1_24' title="bbox 179 1395 1317 1452; baseline -0.004 -15"><span class='ocrx_word' id='word_1_178' title='bbox 179 1398 271 1438; x_wconf 90' lang='lat' dir='ltr'><strong>dem</strong></span> <span class='ocrx_word' id='word_1_179' title='bbox 288 1399 422 1448; x_wconf 87' lang='lat' dir='ltr'><strong>tribui,</strong></span> <span class='ocrx_word' id='word_1_180' title='bbox 437 1413 599 1452; x_wconf 89' lang='lat' dir='ltr'><strong>eamque</strong></span> <span class='ocrx_word' id='word_1_181' title='bbox 610 1399 816 1438; x_wconf 87' lang='lat' dir='ltr'><strong>modicam.</strong></span> <span class='ocrx_word' id='word_1_182' title='bbox 845 1398 1009 1437; x_wconf 87' lang='lat' dir='ltr'><strong>Decrevi</strong></span> <span class='ocrx_word' id='word_1_183' title='bbox 1029 1397 1144 1436; x_wconf 86' lang='lat' dir='ltr'><strong>etiam</strong></span> <span class='ocrx_word' id='word_1_184' title='bbox 1158 1395 1317 1447; x_wconf 87' lang='lat' dir='ltr'><strong>imperi-</strong></span> 
     </span>
     <span class='ocr_line' id='line_1_25' title="bbox 179 1450 1316 1516; baseline -0.004 -24"><span class='ocrx_word' id='word_1_185' title='bbox 179 1466 272 1492; x_wconf 83' lang='lat' dir='ltr'><strong>um:</strong></span> <span class='ocrx_word' id='word_1_186' title='bbox 309 1454 415 1506; x_wconf 92' lang='lat' dir='ltr'><strong>quod</strong></span> <span class='ocrx_word' id='word_1_187' title='bbox 434 1467 675 1516; x_wconf 82' lang='lat' dir='ltr'><strong>quamquam</strong></span> <span class='ocrx_word' id='word_1_188' title='bbox 693 1453 896 1492; x_wconf 89' lang='lat' dir='ltr'><strong>videbatur</strong></span> <span class='ocrx_word' id='word_1_189' title='bbox 918 1452 976 1491; x_wconf 87' lang='lat' dir='ltr'><strong>illi</strong></span> <span class='ocrx_word' id='word_1_190' title='bbox 1005 1452 1108 1490; x_wconf 88' lang='lat' dir='ltr'><strong>aetati</strong></span> <span class='ocrx_word' id='word_1_191' title='bbox 1133 1450 1316 1489; x_wconf 91' lang='lat' dir='ltr'><strong>honorifi-</strong></span> 
     </span>
     <span class='ocr_line' id='line_1_26' title="bbox 180 1503 1316 1558; baseline -0.005 -10"><span class='ocrx_word' id='word_1_192' title='bbox 180 1520 287 1558; x_wconf 86' lang='lat' dir='ltr'><strong>cum,</strong></span> <span class='ocrx_word' id='word_1_193' title='bbox 296 1515 427 1547; x_wconf 87' lang='lat' dir='ltr'><strong>tamen</strong></span> <span class='ocrx_word' id='word_1_194' title='bbox 439 1517 519 1548; x_wconf 90' lang='lat' dir='ltr'><strong>erat</strong></span> <span class='ocrx_word' id='word_1_195' title='bbox 530 1509 742 1547; x_wconf 82' lang='lat' dir='ltr'><strong>exercitum</strong></span> <span class='ocrx_word' id='word_1_196' title='bbox 756 1507 915 1546; x_wconf 90' lang='lat' dir='ltr'><strong>habenti</strong></span> <span class='ocrx_word' id='word_1_197' title='bbox 926 1506 1202 1546; x_wconf 74' lang='lat' dir='ltr'><strong>necessarium:</strong></span> <span class='ocrx_word' id='word_1_198' title='bbox 1221 1503 1316 1557; x_wconf 89' lang='lat' dir='ltr'><strong>quid</strong></span> 
     </span>
     <span class='ocr_line' id='line_1_27' title="bbox 181 1559 1317 1615; baseline -0.005 -13"><span class='ocrx_word' id='word_1_199' title='bbox 181 1562 287 1601; x_wconf 88' lang='lat' dir='ltr'><strong>enim</strong></span> <span class='ocrx_word' id='word_1_200' title='bbox 306 1570 362 1602; x_wconf 68' lang='lat' dir='ltr'><strong>oet</strong></span> <span class='ocrx_word' id='word_1_201' title='bbox 380 1563 462 1602; x_wconf 90' lang='lat' dir='ltr'><strong>sine</strong></span> <span class='ocrx_word' id='word_1_202' title='bbox 479 1563 641 1615; x_wconf 90' lang='lat' dir='ltr'><strong>imperio</strong></span> <span class='ocrx_word' id='word_1_203' title='bbox 656 1562 872 1601; x_wconf 80' lang='lat' dir='ltr'><strong>exercitus.</strong></span> <span class='ocrx_word' id='word_1_204' title='bbox 862 1564 879 1590; x_wconf 69' lang='lat'><strong>⁹</strong></span> <span class='ocrx_word' id='word_1_205' title='bbox 911 1562 1089 1600; x_wconf 86' lang='lat' dir='ltr'><strong>Statuam</strong></span> <span class='ocrx_word' id='word_1_206' title='bbox 1109 1559 1317 1611; x_wconf 89' lang='lat' dir='ltr'><strong>Philippus</strong></span> 
     </span>
     <span class='ocr_line' id='line_1_28' title="bbox 181 1614 1318 1669; baseline -0.004 -13"><span class='ocrx_word' id='word_1_207' title='bbox 181 1616 363 1666; x_wconf 86' lang='lat' dir='ltr'><strong>decrevit,</strong></span> <span class='ocrx_word' id='word_1_208' title='bbox 396 1618 628 1657; x_wconf 82' lang='lat' dir='ltr'><strong>celeritatem</strong></span> <span class='ocrx_word' id='word_1_209' title='bbox 652 1616 848 1669; x_wconf 86' lang='lat' dir='ltr'><strong>petitionis</strong></span> <span class='ocrx_word' id='word_1_210' title='bbox 872 1616 1000 1668; x_wconf 88' lang='lat' dir='ltr'><strong>primo</strong></span> <span class='ocrx_word' id='word_1_211' title='bbox 1031 1614 1200 1664; x_wconf 84' lang='lat' dir='ltr'><strong>Servius,</strong></span> <span class='ocrx_word' id='word_1_212' title='bbox 1229 1620 1318 1666; x_wconf 88' lang='lat' dir='ltr'><strong>post</strong></span> 
     </span>
     <span class='ocr_line' id='line_1_29' title="bbox 180 1672 721 1722; baseline -0.002 -11"><span class='ocrx_word' id='word_1_213' title='bbox 180 1673 370 1722; x_wconf 86' lang='lat' dir='ltr'><strong>majorem</strong></span> <span class='ocrx_word' id='word_1_214' title='bbox 389 1673 505 1711; x_wconf 88' lang='lat' dir='ltr'><strong>etiam</strong></span> <span class='ocrx_word' id='word_1_215' title='bbox 523 1672 721 1711; x_wconf 87' lang='lat' dir='ltr'><strong>Servilius.</strong></span> 
     </span>
    </p>

    <p class='ocr_par' dir='ltr' id='par_1_5' title="bbox 180 1723 1321 2269">
     <span class='ocr_line' id='line_1_30' title="bbox 236 1723 1318 1775; baseline -0.005 -10"><span class='ocrx_word' id='word_1_216' title='bbox 236 1726 352 1765; x_wconf 91' lang='lat' dir='ltr'><strong>Nihil</strong></span> <span class='ocrx_word' id='word_1_217' title='bbox 370 1733 457 1765; x_wconf 84' lang='lat' dir='ltr'><strong>tum</strong></span> <span class='ocrx_word' id='word_1_218' title='bbox 476 1727 644 1765; x_wconf 91' lang='lat' dir='ltr'><strong>nimium</strong></span> <span class='ocrx_word' id='word_1_219' title='bbox 656 1726 871 1764; x_wconf 83' lang='lat' dir='ltr'><strong>videbatur.</strong></span> <span class='ocrx_word' id='word_1_220' title='bbox 903 1724 979 1764; x_wconf 74' lang='lat' dir='ltr'><strong>Sed</strong></span> <span class='ocrx_word' id='word_1_221' title='bbox 992 1723 1135 1770; x_wconf 87' lang='lat' dir='ltr'><strong>(nescio</strong></span> <span class='ocrx_word' id='word_1_222' title='bbox 1154 1735 1318 1775; x_wconf 89' lang='lat' dir='ltr'><strong>quomo-</strong></span> 
     </span>
     <span class='ocr_line' id='line_1_31' title="bbox 181 1777 1315 1832; baseline -0.004 -13"><span class='ocrx_word' id='word_1_223' title='bbox 181 1779 248 1828; x_wconf 85' lang='lat' dir='ltr'><strong>do)</strong></span> <span class='ocrx_word' id='word_1_224' title='bbox 266 1780 417 1819; x_wconf 88' lang='lat' dir='ltr'><strong>facilius</strong></span> <span class='ocrx_word' id='word_1_225' title='bbox 434 1781 475 1818; x_wconf 91' lang='lat' dir='ltr'><strong>in</strong></span> <span class='ocrx_word' id='word_1_226' title='bbox 495 1781 632 1819; x_wconf 89' lang='lat' dir='ltr'><strong>timore</strong></span> <span class='ocrx_word' id='word_1_227' title='bbox 650 1780 822 1832; x_wconf 81' lang='lat' dir='ltr'><strong>benigni,</strong></span> <span class='ocrx_word' id='word_1_228' title='bbox 839 1790 959 1832; x_wconf 90' lang='lat' dir='ltr'><strong>quam</strong></span> <span class='ocrx_word' id='word_1_229' title='bbox 971 1779 1011 1817; x_wconf 92' lang='lat' dir='ltr'><strong>in</strong></span> <span class='ocrx_word' id='word_1_230' title='bbox 1026 1778 1184 1817; x_wconf 69' lang='lat' dir='ltr'><strong>victoria</strong></span> <span class='ocrx_word' id='word_1_231' title='bbox 1201 1777 1315 1829; x_wconf 86' lang='lat' dir='ltr'><strong>grati,</strong></span> 
     </span>
     <span class='ocr_line' id='line_1_32' title="bbox 180 1833 1317 1887; baseline -0.004 -14"><span class='ocrx_word' id='word_1_232' title='bbox 180 1835 439 1887; x_wconf 86' lang='lat' dir='ltr'><strong>reperiuntur.</strong></span> <span class='ocrx_word' id='word_1_233' title='bbox 469 1835 558 1887; x_wconf 85' lang='lat' dir='ltr'><strong>Ego</strong></span> <span class='ocrx_word' id='word_1_234' title='bbox 575 1835 694 1883; x_wconf 89' lang='lat' dir='ltr'><strong>enim,</strong></span> <span class='ocrx_word' id='word_1_235' title='bbox 709 1835 874 1873; x_wconf 90' lang='lat' dir='ltr'><strong>Decimo</strong></span> <span class='ocrx_word' id='word_1_236' title='bbox 891 1835 1018 1873; x_wconf 90' lang='lat' dir='ltr'><strong>Bruto</strong></span> <span class='ocrx_word' id='word_1_237' title='bbox 1032 1833 1206 1880; x_wconf 90' lang='lat' dir='ltr'><strong>liberato,</strong></span> <span class='ocrx_word' id='word_1_238' title='bbox 1227 1844 1317 1870; x_wconf 90' lang='lat' dir='ltr'><strong>cum</strong></span> 
     </span>
     <span class='ocr_line' id='line_1_33' title="bbox 182 1888 1319 1951; baseline -0.004 -23"><span class='ocrx_word' id='word_1_239' title='bbox 182 1889 402 1929; x_wconf 67' lang='lat' dir='ltr'><strong>laetissimus</strong></span> <span class='ocrx_word' id='word_1_240' title='bbox 427 1889 494 1928; x_wconf 83' lang='lat' dir='ltr'><strong>ille</strong></span> <span class='ocrx_word' id='word_1_241' title='bbox 523 1889 668 1928; x_wconf 82' lang='lat' dir='ltr'><strong>civitati</strong></span> <span class='ocrx_word' id='word_1_242' title='bbox 693 1889 774 1928; x_wconf 91' lang='lat' dir='ltr'><strong>dies</strong></span> <span class='ocrx_word' id='word_1_243' title='bbox 797 1889 1001 1951; x_wconf 80' lang='lat' dir='ltr'><strong>illuxisset,</strong></span> <span class='ocrx_word' id='word_1_244' title='bbox 1028 1888 1209 1939; x_wconf 85' lang='lat' dir='ltr'><strong>idemque</strong></span> <span class='ocrx_word' id='word_1_245' title='bbox 1228 1899 1319 1924; x_wconf 90' lang='lat' dir='ltr'><strong>casu</strong></span> 
     </span>
     <span class='ocr_line' id='line_1_34' title="bbox 183 1940 1321 1993; baseline -0.004 -10"><span class='ocrx_word' id='word_1_246' title='bbox 183 1944 301 1983; x_wconf 91' lang='lat' dir='ltr'><strong>Bruti</strong></span> <span class='ocrx_word' id='word_1_247' title='bbox 318 1944 456 1983; x_wconf 80' lang='lat' dir='ltr'><strong>natalis</strong></span> <span class='ocrx_word' id='word_1_248' title='bbox 469 1951 579 1993; x_wconf 86' lang='lat' dir='ltr'><strong>esset,</strong></span> <span class='ocrx_word' id='word_1_249' title='bbox 592 1944 755 1993; x_wconf 87' lang='lat' dir='ltr'><strong>decrevi,</strong></span> <span class='ocrx_word' id='word_1_250' title='bbox 771 1952 830 1993; x_wconf 85' lang='lat' dir='ltr'><strong>ut,</strong></span> <span class='ocrx_word' id='word_1_251' title='bbox 845 1944 887 1982; x_wconf 90' lang='lat' dir='ltr'><strong>in</strong></span> <span class='ocrx_word' id='word_1_252' title='bbox 905 1944 1028 1992; x_wconf 84' lang='lat' dir='ltr'><strong>fastis,</strong></span> <span class='ocrx_word' id='word_1_253' title='bbox 1043 1942 1092 1980; x_wconf 91' lang='lat' dir='ltr'><strong>ad</strong></span> <span class='ocrx_word' id='word_1_254' title='bbox 1111 1954 1199 1980; x_wconf 88' lang='lat' dir='ltr'><strong>eum</strong></span> <span class='ocrx_word' id='word_1_255' title='bbox 1215 1940 1321 1979; x_wconf 91' lang='lat' dir='ltr'><strong>diem</strong></span> 
     </span>
     <span class='ocr_line' id='line_1_35' title="bbox 182 1996 1318 2050; baseline -0.005 -12"><span class='ocrx_word' id='word_1_256' title='bbox 182 1998 302 2038; x_wconf 88' lang='lat' dir='ltr'><strong>Bruti</strong></span> <span class='ocrx_word' id='word_1_257' title='bbox 319 2011 464 2038; x_wconf 90' lang='lat' dir='ltr'><strong>nomen</strong></span> <span class='ocrx_word' id='word_1_258' title='bbox 478 1999 778 2038; x_wconf 85' lang='lat' dir='ltr'><strong>adscriberetur·</strong></span> <span class='ocrx_word' id='word_1_259' title='bbox 809 1999 851 2036; x_wconf 92' lang='lat' dir='ltr'><strong>in</strong></span> <span class='ocrx_word' id='word_1_260' title='bbox 871 2011 992 2050; x_wconf 91' lang='lat' dir='ltr'><strong>eoque</strong></span> <span class='ocrx_word' id='word_1_261' title='bbox 1011 2009 1099 2036; x_wconf 87' lang='lat' dir='ltr'><strong>sum</strong></span> <span class='ocrx_word' id='word_1_262' title='bbox 1124 1996 1318 2046; x_wconf 86' lang='lat' dir='ltr'><strong>majorum</strong></span> 
     </span>
     <span class='ocr_line' id='line_1_36' title="bbox 183 2049 1316 2116; baseline -0.005 -23"><span class='ocrx_word' id='word_1_263' title='bbox 183 2054 412 2116; x_wconf 80' lang='lat' dir='ltr'><strong>exemplum</strong></span> <span class='ocrx_word' id='word_1_264' title='bbox 437 2061 604 2100; x_wconf 86' lang='lat' dir='ltr'><strong>secutus,</strong></span> <span class='ocrx_word' id='word_1_265' title='bbox 629 2054 699 2106; x_wconf 90' lang='lat' dir='ltr'><strong>qui</strong></span> <span class='ocrx_word' id='word_1_266' title='bbox 722 2053 829 2092; x_wconf 83' lang='lat' dir='ltr'><strong>hune</strong></span> <span class='ocrx_word' id='word_1_267' title='bbox 849 2052 1037 2091; x_wconf 89' lang='lat' dir='ltr'><strong>honorem</strong></span> <span class='ocrx_word' id='word_1_268' title='bbox 1061 2049 1216 2089; x_wconf 90' lang='lat' dir='ltr'><strong>mulieri</strong></span> <span class='ocrx_word' id='word_1_269' title='bbox 1235 2049 1316 2088; x_wconf 82' lang='lat' dir='ltr'><strong>La-</strong></span> 
     </span>
     <span class='ocr_line' id='line_1_37' title="bbox 183 2104 1317 2160; baseline -0.005 -12"><span class='ocrx_word' id='word_1_270' title='bbox 183 2109 318 2148; x_wconf 84' lang='lat' dir='ltr'><strong>rentiae</strong></span> <span class='ocrx_word' id='word_1_271' title='bbox 335 2108 568 2157; x_wconf 87' lang='lat' dir='ltr'><strong>tribuerunt,</strong></span> <span class='ocrx_word' id='word_1_272' title='bbox 589 2109 652 2147; x_wconf 90' lang='lat' dir='ltr'><strong>cui</strong></span> <span class='ocrx_word' id='word_1_273' title='bbox 670 2121 738 2147; x_wconf 88' lang='lat' dir='ltr'><strong>vos</strong></span> <span class='ocrx_word' id='word_1_274' title='bbox 755 2107 956 2160; x_wconf 59' lang='lat' dir='ltr'><strong>pontifices</strong></span> <span class='ocrx_word' id='word_1_275' title='bbox 973 2106 1025 2145; x_wconf 85' lang='lat' dir='ltr'><strong>ad</strong></span> <span class='ocrx_word' id='word_1_276' title='bbox 1042 2118 1150 2143; x_wconf 89' lang='lat' dir='ltr'><strong>aram</strong></span> <span class='ocrx_word' id='word_1_277' title='bbox 1168 2104 1210 2142; x_wconf 87' lang='lat' dir='ltr'><strong>in</strong></span> <span class='ocrx_word' id='word_1_278' title='bbox 1234 2104 1317 2144; x_wconf 90' lang='lat' dir='ltr'><strong>Ve-</strong></span> 
     </span>
     <span class='ocr_line' id='line_1_38' title="bbox 184 2158 1318 2214; baseline -0.005 -12"><span class='ocrx_word' id='word_1_279' title='bbox 184 2162 295 2204; x_wconf 85' lang='lat' dir='ltr'><strong>labro</strong></span> <span class='ocrx_word' id='word_1_280' title='bbox 322 2162 448 2203; x_wconf 82' lang='lat' dir='ltr'><strong>facere</strong></span> <span class='ocrx_word' id='word_1_281' title='bbox 474 2163 618 2202; x_wconf 86' lang='lat' dir='ltr'><strong>soletis.</strong></span> <span class='ocrx_word' id='word_1_282' title='bbox 649 2162 770 2212; x_wconf 88' lang='lat' dir='ltr'><strong>Quod</strong></span> <span class='ocrx_word' id='word_1_283' title='bbox 798 2174 870 2214; x_wconf 89' lang='lat' dir='ltr'><strong>ego</strong></span> <span class='ocrx_word' id='word_1_284' title='bbox 894 2174 985 2201; x_wconf 90' lang='lat' dir='ltr'><strong>cum</strong></span> <span class='ocrx_word' id='word_1_285' title='bbox 1010 2159 1153 2199; x_wconf 80' lang='lat' dir='ltr'><strong>dabam</strong></span> <span class='ocrx_word' id='word_1_286' title='bbox 1176 2158 1318 2206; x_wconf 89' lang='lat' dir='ltr'><strong>Bruto,</strong></span> 
     </span>
     <span class='ocr_line' id='line_1_39' title="bbox 186 2212 1319 2269; baseline -0.005 -10.995"><span class='ocrx_word' id='word_1_287' title='bbox 186 2224 320 2258; x_wconf 84' lang='lat' dir='ltr'><strong>notam</strong></span> <span class='ocrx_word' id='word_1_288' title='bbox 340 2230 420 2258; x_wconf 86' lang='lat' dir='ltr'><strong>esse</strong></span> <span class='ocrx_word' id='word_1_289' title='bbox 437 2217 479 2256; x_wconf 92' lang='lat' dir='ltr'><strong>in</strong></span> <span class='ocrx_word' id='word_1_290' title='bbox 497 2217 606 2257; x_wconf 78' lang='lat' dir='ltr'><strong>fastis</strong></span> <span class='ocrx_word' id='word_1_291' title='bbox 624 2217 851 2269; x_wconf 66' lang='lat' dir='ltr'><strong>gratissimae</strong></span> <span class='ocrx_word' id='word_1_292' title='bbox 864 2215 1032 2256; x_wconf 86' lang='lat' dir='ltr'><strong>victoriae</strong></span> <span class='ocrx_word' id='word_1_293' title='bbox 1043 2212 1319 2266; x_wconf 80' lang='lat' dir='ltr'><strong>sempiternam</strong></span> 
     </span>
    </p>
   </div>
  </div>
 </body>
</html>
