1498 2401
395 63 478 104 AD
506 61 798 104 ATTICUM.
826 63 930 102 Lm.
951 62 1075 104 XIV.
1102 64 1169 104 20.
1270 65 1351 105 203

269 172 333 212 De
351 172 511 221 Quintis
540 185 583 211 ac
601 173 810 220 Buthroto,
841 185 932 211 cum
951 185 1104 222 venero,
1133 181 1179 212 ut
1205 173 1347 213 scribis.

217 227 336 276 Quod
350 227 525 267 Ciceroni
543 227 782 279 suppeditas,
802 235 971 278 gratum.
1001 228 1119 276 Quod
1141 241 1266 270 errare
1283 242 1348 268 me

213 289 342 334 putas,
372 282 441 334 qui
473 282 756 333 rempublicam
785 289 921 333 putem
946 283 1113 333 pendere
1143 296 1163 320 e
1189 283 1345 329 Bruto;

213 336 267 375 sic
293 349 333 375 se
357 349 416 375 res
442 336 586 375 habet:
617 344 686 375 aut
710 336 821 374 nulla
847 336 932 386 erit,
952 343 1021 375 aut
1047 339 1095 376 ab
1119 336 1192 375 1310
1217 338 1347 376 istisre

206 389 431 430 servabitur.

263 445 383 493 Quod
396 458 461 484 me
471 444 650 492 hortaris,
670 452 717 484 ut
728 444 908 497 scriptam
924 445 1145 484 concionem
1159 445 1315 484 mittam
1329 460 1342 493 3

207 499 336 552 accipe
354 513 378 538 a
394 513 473 548 me,
493 500 706 547 miAttice,
730 502 926 537 καθολικον
936 502 1113 548 ὲεωρημα
1133 513 1266 538 earum
1286 514 1347 539 re-

206 567 311 603 rum,
323 554 365 592 in
381 555 522 606 quibus
535 555 626 593 satis
639 553 835 593 exercitati
849 567 996 592 sumus.
1026 554 1157 592 Nemo
1169 566 1346 606 unquam

206 620 333 661 neque
350 610 466 660 po‘eta
484 622 610 661 neque
629 617 754 647 orator
772 608 862 656 fuit,
884 609 953 660 qui
972 621 1212 661 quemquam
1231 610 1343 648 meli-

206 675 328 707 orem,
347 677 468 716 quam
487 678 540 713 se,
570 664 830 703 arbitraretur.
865 663 954 702 Hoc
981 663 1099 701 etiam
1117 663 1231 701 malis
1250 677 1343 703 con-

206 717 333 769 tingit.
364 718 474 767 Quid
492 726 536 757 tu
547 719 674 757 Bruto
693 726 820 771 putas,
835 725 873 756 et
886 718 1086 769 ingenioso
1101 725 1138 756 et
1157 718 1306 757 erudito
1322 721 1340 758 Ρ

205 771 254 810 de
272 785 351 824 quo
370 773 487 812 etiam
506 774 655 826 experti
683 786 818 812 sumus
838 785 963 824 nuper
981 773 1021 810 in
1042 772 1175 812 edicto.
1211 773 1341 825 Scrip-

204 839 330 865 seram
349 836 486 878 rogatu
506 836 600 867 tuo:
631 841 767 866 meum
790 827 888 865 mihi
913 827 1104 879 placebat,
1132 826 1191 865 illi
1210 840 1338 866 suum.

206 880 318 929 Quin
349 883 480 931 etiam,
514 895 619 930 cum,
647 882 771 934 ipsius
797 882 974 933 precibus
1000 894 1110 933 paene
1136 881 1339 931 adductus,

205 934 451 987 scripsissem*
467 936 517 975 ad
542 949 634 975 eum
663 937 710 975 de
735 936 883 988 optimo
908 949 1046 997 genere
1075 936 1240 984 dicendi,
1261 949 1340 975 non

204 991 322 1028 modo
341 990 453 1039 mihi,
474 991 540 1030 sed
559 991 676 1030 etiam
702 991 787 1040 tibi,
816 990 979 1042 scripsit,
1007 990 1081 1028 31111
1098 990 1211 1038 illud,
1234 992 1341 1043 quod

200 1044 300 1082 mihi
318 1045 502 1096 placeret,
520 1058 598 1084 non
617 1045 784 1097 probari.
815 1045 962 1106 Quare,
978 1045 1058 1084 sine
1078 1048 1243 1097 (quaeso)
1264 1046 1339 1084 sibi

202 1112 400 1151 quemque
429 1099 675 1139 361111616.ι
696 1100 818 1139 Suam
847 1100 986 1151 cuique
1015 1112 1210 1151 sponsam,
1240 1101 1340 1139 1111111

201 1165 359 1200 meam;
390 1167 506 1192 suum
533 1154 672 1206 cuique
695 1167 883 1202 amorem,
910 1153 1009 1191 mihi
1037 1167 1199 1201 meumt,
1205 1155 1230 1172 ''
1259 1167 1339 1194 non

201 1207 320 1247 scite:
346 1183 424 1247 1106
451 1209 557 1247 6111111
581 1209 762 1258 Attilius,
789 1213 905 1260 poe'ta
927 1208 1167 1247 durissimus.
1199 1209 1338 1261 Atque

200 1262 353 1302 utinam
385 1263 499 1302 liceat
527 1264 592 1302 isti
621 1263 864 1303 concionari!
899 1263 962 1301 cui
991 1263 1024 1301 si
1051 1275 1131 1301 esse
1156 1263 1198 1301 in
1228 1265 1340 1304 Urbe

199 1324 285 1356 tuto
309 1317 454 1367 licebit,
474 1317 650 1357 vicimus.
689 1317 847 1357 Ducem
873 1317 978 1356 enim
996 1317 1087 1355 novi
1105 1317 1199 1356 belli
1218 1318 1340 1358 civilis

197 1379 266 1410 aut
283 1385 400 1412 nemo
428 1380 623 1425 sequetur,
645 1380 713 1412 aut
737 1372 765 1410 ii
785 1378 1009 1424 sequentur,
1034 1371 1104 1423 qui
1121 1372 1234 1411 facile
1252 1372 1337 1412 vin-

194 1434 343 1466 cantur.

250 1482 379 1521 Venio
390 1482 441 1521 ad
455 1482 621 1521 tertiam.
653 1482 793 1521 Gratas
806 1480 924 1520 fuisse
942 1493 1049 1520 meas
1062 1480 1192 1520 literas
1203 1481 1331 1521 Bruto

195 1543 233 1576 et
246 1536 379 1577 Cassio
390 1537 540 1589 gaudeo
554 1552 564 1575 :
586 1537 736 1589 ita-que
750 1536 797 1575 iis
811 1535 998 1588 rescripsi.
1021 1535 1140 1584 Quod
1152 1536 1334 1576 Hirtium

194 1605 263 1644 per
279 1604 345 1631 me
366 1592 568 1631 meliorem
586 1592 670 1631 fieri
682 1592 818 1630 volunt
837 1605 850 1635 ς
880 1591 930 1629 (10
950 1590 1131 1642 equidem
1144 1604 1329 1643 operam;

194 1653 233 1685 et
261 1646 328 1686 ine
352 1647 498 1699 optime
525 1647 723 1700 loquitur:
763 1646 830 1684 sed
859 1645 955 1684 vivit
983 1645 1210 1698 habitatque
1239 1658 1330 1684 cum

191 1701 336 1749 Balbo,
357 1702 427 1753 qui
444 1701 539 1740 item
557 1703 655 1741 bene
673 1700 857 1753 loquitur.
888 1699 999 1748 Quid
1018 1700 1162 1750 credas,
1178 1699 1331 1740 videris.

248 1754 495 1795 Dolabellam
509 1756 622 1796 valde
639 1756 788 1808 placere
807 1754 878 1794 tibi
896 1754 1030 1794 video:
1053 1754 1152 1793 mihi
1171 1754 1331 1807 quidem

193 1811 357 1862 egregie.
398 1811 503 1850 Cum
533 1810 662 1850 Pansa
684 1810 765 1849 vixi
789 1810 830 1848 in
859 1808 1111 1861 Pompeiano.
1152 1810 1194 1848 Is
1215 1810 1332 1862 plane

193 1865 294 1904 mihi
318 1867 521 1917 probabat,
554 1880 594 1906 se
623 1868 723 1905 bene
750 1865 904 1911 sentire,
939 1872 976 1903 et
1007 1877 1148 1915 cupere
1178 1877 1327 1915 pacem.

195 1918 367 1960 Causam
382 1933 578 1959 armorum
591 1920 712 1973 quaeri
725 1921 841 1973 plane
855 1919 979 1958 video.
1005 1918 1192 1957 Edictum
1208 1917 1327 1956 Bruti

192 1982 230 2013 et
249 1974 372 2014 Cassii
390 1977 523 2037 probo.
562 1975 731 2024 Quaeris,
751 1982 796 2013 ut
815 1973 1021 2026 suscipiam
1039 1972 1326 2025 cogitationem,

190 2029 380 2081 quidnam
402 2030 486 2069 istis
511 2030 706 2081 agendum
732 2036 892 2082 putem.
923 2027 1081 2067 consilia
1107 2035 1328 2079 temporum

192 2093 311 2130 sunt3
342 2098 430 2136 quae
448 2085 489 2123 in
514 2085 628 2124 horas
650 2083 882 2124 commutari
903 2083 1022 2123 vides.
1053 2082 1279 2120 Dolabellae
1290 2088 1328 2119 et

190 2139 317 2190 prima
345 2140 414 2178 ina
443 2139 557 2190 actio,
584 2147 622 2180 et
649 2139 733 2181 haec
762 2146 895 2179 contra
925 2137 1150 2177 Antonium
1180 2135 1325 2184 concio,
