1498 2401
229 97 302 134 143
393 95 475 135 AD
506 96 789 137 ATTICUM.
819 96 920 135 ιη.
944 96 1071 136 xm.
1104 97 1166 136 14.

441 204 555 257 (13.)
588 205 804 246 CICERO
832 204 1053 244 ATT1co
1081 206 1123 244 s.

231 323 234 325 ·
276 311 505 350 Commotus
532 311 608 350 tuis
639 312 770 361 literis,
799 312 904 364 quod
930 312 980 350 ad
1006 324 1071 350 me
1097 311 1145 350 de
1163 311 1337 351 Varrone

220 365 434 417 scripseras,
455 373 575 404 totam
593 365 847 405 Academiam
873 367 923 405 ab
940 365 1161 404 hominibus
1180 365 1337 405 nobilis-

219 420 324 457 simis
343 420 498 467 abstuli,
518 420 771 471 transtulique
789 420 839 458 ad
862 427 1037 458 nostrum
1055 420 1223 459 sodalem
1239 433 1252 466 ;
1281 427 1334 469 et,

218 487 265 511 ex
284 473 435 512 duobus
449 473 569 523 libris,
589 474 732 512 contuli
743 475 783 512 in
797 481 973 526 quatuor.
1003 473 1234 513 Grandiores
1246 481 1338 513 sunt

217 528 389 575 omnino,
403 541 521 579 quam
541 535 648 566 erant
664 528 722 566 illi
737 542 749 574 ς
779 528 847 566 sed
864 536 993 567 tamen
1013 528 1138 567 multa
1155 528 1334 568 detracta.

217 581 283 619 Tu
302 588 432 620 autem
450 582 561 630 mihi,
574 582 771 633 pervelim,
787 582 940 632 scribas,
961 582 1031 634 qui
1042 582 1273 621 intellexeris
1290 583 1338 621 il-

214 635 299 673 lum
308 636 415 675 velle.
444 636 552 674 Illud
570 649 657 675 vero
682 637 816 688 utique
833 636 925 674 scire
944 635 1068 688 cupio,
1089 649 1207 688 quem
1225 636 1338 675 intel-

213 689 350 728 lexeris
376 692 424 728 ab
455 703 498 728 eo
526 694 823 737 ζηλοτυπεισὲῑαι,
851 691 925 728 nisi
951 691 1047 728 forte
1068 691 1265 730 Brutum:
1294 691 1336 731 id

212 742 383 793 (hercle)
404 746 593 783 restabat:
631 743 696 782 sed
715 752 843 782 tamen
863 744 955 783 scire
972 745 1170 795 pervelim.

266 798 376 836 Libri
394 798 550 850 quidem
569 798 623 835 ita
642 798 829 842 exierunt,
853 798 944 850 (nisi
962 798 1060 836 forte
1077 811 1142 836 me
1159 811 1335 839 commu-

210 852 270 890 nis
292 861 464 902 φιλαυτια
483 851 640 902 decipit)
660 863 706 889 ut
723 852 762 889 in
782 852 850 889 tali
874 864 1010 903 genere
1035 863 1084 890 ne
1100 853 1206 904 apud
1225 853 1334 893 Grae-

210 920 272 945 cos
300 906 456 957 quidem
489 906 613 944 simile
644 905 870 956 quidquam.
909 906 976 944 Tu
1005 906 1114 944 illam
1140 907 1332 956 jacturam

209 962 306 999 feres
324 973 434 1011 aequo
451 960 594 1007 animo,
615 959 720 1011 quod
737 959 817 1008 illa,
835 973 921 1011 quae
933 960 1052 998 habes
1067 960 1114 998 de
1121 961 1330 1001 Academi-

209 1015 276 1060 cis,
297 1015 437 1052 frustra
456 1014 642 1065 descripta
670 1020 770 1051 sunt.
809 1014 944 1052 Multo
972 1021 1101 1052 tamen
1119 1014 1202 1054 haec
1219 1024 1332 1055 erunt

209 1068 479 1120 splendidiora,
506 1068 691 1116 breviora,
711 1067 881 1106 meliora.
908 1069 1026 1107 Nunc
1043 1075 1174 1107 autem
1194 1084 1331 1119 απορω,

209 1136 287 1174 quo
306 1136 369 1160 me
387 1130 544 1160 vertam.
575 1122 676 1161 Volo
702 1121 915 1160 Dolabellae
934 1122 1044 1161 valde
1071 1122 1300 1162 desideranti
1315 1139 1328 1163 ε

211 1190 287 1215 non
305 1176 463 1228 reperio,
491 1176 610 1228 quid3
641 1184 677 1214 et
697 1176 811 1214 simul
831 1176 989 1225 αιὸεομαι
1007 1183 1158 1227 Τρωαςε
1186 1189 1326 1229 neque,

209 1232 242 1269 si
268 1231 428 1282 aliquid,
460 1239 591 1281 potero
613 1232 755 1279 μεμψιν
780 1230 958 1281 effugere.
989 1230 1076 1269 Aut
1103 1232 1328 1271 cessandum

208 1286 338 1337 igitur,
361 1293 428 1323 aut
446 1284 592 1336 aliquid
612 1284 919 1335 excogitandum.

263 1339 339 1377 Sed
358 1339 452 1391 quid
480 1340 561 1377 haec
584 1338 683 1376 levia
710 1351 888 1376 curamus
904 1340 922 1377 Ρ
951 1336 1084 1378 Attica
1101 1352 1200 1387 mea,
1219 1341 1328 1379 obse-

206 1406 268 1432 cro
292 1401 342 1439 te,
367 1393 462 1444 quid
479 1393 586 1444 agit?
616 1406 703 1444 quae
728 1404 791 1430 me
810 1392 921 1430 valde
948 1394 1067 1444 angit.
1098 1393 1177 1433 Sed
1195 1396 1325 1434 crebro

204 1455 356 1498 regusto
384 1456 469 1486 tuas
497 1448 650 1486 literas:
681 1446 721 1484 in
745 1445 805 1485 his
835 1446 1058 1498 acquiesco:
1094 1456 1223 1487 tamen
1255 1461 1323 1488 ex-

205 1508 331 1553 specto
350 1514 478 1540 novas.

417 1667 531 1715 (14.)
560 1664 773 1706 CICERO
801 1664 1019 1706 ATTICO
1048 1666 1089 1705 S.

257 1774 410 1812 Brinnii
433 1775 605 1823 libertus,
626 1774 788 1813 cohaerae
816 1781 955 1822 noster,
989 1774 1138 1827 scripsit
1162 1774 1212 1813 ad
1239 1788 1316 1825 me,

201 1829 311 1874 velie,
344 1829 376 1866 si
405 1829 501 1866 mihi
533 1829 710 1880 placeret,
740 1828 966 1875 cohaeredoe,
993 1842 1034 1867 se
1064 1836 1102 1867 et
1129 1829 1317 1869 Sabinum

201 1882 380 1928 Albium,
397 1883 445 1920 ad
464 1896 525 1920 me
538 1883 675 1921 venire.
706 1882 755 1920 Id
768 1896 838 1934 ego
849 1883 963 1934 plane
973 1883 1062 1922 nolo
1078 1897 1088 1920 ε
1119 1882 1318 1923 haereditas

201 1937 297 1975 tanti
325 1949 400 1974 non
431 1945 509 1974 est:
541 1945 577 1974 et
605 1945 734 1974 tamen
759 1937 863 1975 obire
881 1936 1064 1975 auctionis
1082 1936 1186 1975 diem
1204 1937 1316 1976 facile

196 1998 391 2042 poterunt,
423 1994 497 2033 (est
527 1991 630 2028 enim
661 1989 729 2028 III
761 1989 838 2039 Id.)
870 1991 902 2030 si
931 2003 994 2030 me
1022 1991 1062 2029 in
1093 1989 1315 2030 Tusculano

194 2045 376 2096 postridie
395 2045 530 2083 Nonas
557 2057 670 2082 mane
698 2045 951 2083 convenerint.
989 2044 1109 2092 Quod
1131 2044 1163 2083 si
1184 2045 1314 2084 laxius

194 2099 323 2137 volent
340 2098 508 2150 proferre
532 2098 649 2144 diem,
669 2107 848 2149 poterunt
873 2099 934 2137 vel
957 2099 1135 2147 biduum,
1164 2099 1224 2137 vel
1243 2099 1312 2137 tri-

192 2153 330 2198 duum,
351 2153 410 2190 vel
429 2160 473 2190 ut
491 2152 704 2191 videbitur:
735 2152 831 2190 nihil
845 2152 948 2190 enim
962 2153 1127 2191 interest.
1159 2152 1308 2201 Quare,

187 2207 257 2245 nisi
276 2208 358 2256 jam
379 2206 535 2257 profecti
555 2214 657 2253 sunt,
679 2206 855 2245 retinebis
873 2207 1060 2245 homines.
