1498 2401
377 119 455 159 DE
485 118 675 160 PETIT.
705 119 864 159 CONS.
895 122 934 158 5.
1140 124 1220 162 389

98 230 175 270 Sed
199 229 271 268 hoc
294 241 435 267 nomen
455 228 667 267 amicorum
692 228 734 266 in
761 228 943 280 petitione
964 230 1078 268 latius
1103 238 1224 282 patet,

97 297 218 336 quam
236 284 278 322 in
292 283 428 322 caeter‘a
438 283 530 322 vita.
551 282 740 334 Quisquis
755 290 811 321 est
829 284 947 332 enim,
964 284 1033 336 qui
1050 285 1226 325 ostendat

97 337 247 390 aliquid
257 338 298 375 in
308 346 346 375 te
357 336 579 384 voluntatis,
593 336 661 388 qui
671 338 783 385 colat,
794 337 862 388 qui
876 337 1037 376 domum
1049 339 1222 388 ventitet,

97 393 131 431 is
142 393 183 430 in
194 392 406 430 amicorum
425 404 586 430 numero
598 399 654 429 est
664 391 878 430 habendus.
909 393 984 430 Sed
996 400 1139 441 tamen,
1156 394 1225 445 qui

97 454 190 486 sunt
207 446 323 484 amici
341 459 388 484 ex
408 446 522 484 causa
541 445 768 493 honestiore,
789 446 1038 497 cognationis,
1055 456 1122 485 aut
1140 447 1224 485 affi-

94 501 238 548 nitatis,
252 508 320 539 aut
338 500 560 547 sodalitatis,
582 507 649 537 aut
667 499 830 548 alicujus
849 501 1148 549 necessitudinis,
1162 502 1225 541 his

95 568 227 595 carum
248 562 286 593 et
307 554 526 604 jucundum
555 566 634 592 esse
659 554 829 592 maxime
851 555 1013 605 prodest.
1052 556 1220 605 Deinde,

95 617 141 649 ut
159 609 322 662 quisque
337 616 393 647 est
410 608 586 655 intimus,
607 621 651 645 ac
669 608 839 646 maxime
858 609 1102 657 domesticus,
1124 617 1168 648 ut
1188 611 1222 649 is

95 674 213 711 amet,
245 672 283 702 et
312 676 431 715 quam
457 662 740 714 amplissimum
764 675 842 701 esse
875 671 912 700 te
941 664 1084 715 cupiat,
1111 665 1223 703 valde

96 718 372 758 elaborandum
392 724 472 763 est3
503 725 588 755 tum
609 724 653 755 ut
680 717 853 765 tribules,
879 724 924 755 ut
942 718 1070 765 vieini,
1092 726 1136 756 ut
1155 720 1223 757 eli-

97 781 216 821 entes,
242 780 288 810 ut
312 772 477 823 denique
501 771 643 818 liberti,
667 779 860 822 postremo
886 771 1001 810 etiam
1021 773 1117 810 servi
1136 774 1217 812 tui:

96 841 189 866 nam
208 827 286 866 fere
303 827 428 864 omnis
447 839 571 864 sermo
590 825 640 864 ad
657 826 845 863 forensem
865 826 1012 864 famam
1031 840 1054 864 a
1073 827 1223 866 domes-

96 882 180 921 ticis
209 888 363 920 emanat
391 880 622 919 auctoribus.
665 879 847 930 Denique
876 880 1100 919 instituendi
1133 891 1223 922 sunt

95 937 283 988 cujusque
307 936 455 986 generis
477 934 616 980 amici3
647 934 697 972 ad
715 934 893 984 speciem,
920 934 1094 973 homines
1113 936 1223 975 illus-

95 998 172 1030 trae
201 991 346 1029 honore
378 1002 422 1028 ac
452 989 637 1034 nomine;
682 990 764 1040 qui,
797 990 912 1027 etiam
934 988 966 1026 si
986 989 1178 1041 suffragan
1192 992 1219 1019 ἲ·

95 1045 224 1084 studia
251 1057 329 1083 non
359 1051 516 1091 navant,
548 1051 677 1082 tamen
709 1042 875 1081 afferunt
898 1043 1050 1094 petitori
1072 1045 1221 1096 aliquid

93 1099 314 1151 dignitatis:
345 1099 395 1136 ad
407 1099 471 1148 jus
489 1097 756 1143 obtinendum,
774 1098 1045 1148 magistratum
1076 1112 1123 1136 ex
1136 1100 1223 1150 qui-

95 1156 169 1193 bus
187 1154 360 1192 maxime
379 1152 565 1199 consules,
586 1151 722 1190 deinde
735 1151 879 1189 tribuni
891 1151 1014 1203 plebis
1031 1167 1041 1190 ε
1063 1153 1113 1190 ad
1131 1167 1222 1192 con-

93 1208 275 1247 ficiendas
301 1207 501 1255 centurias,
531 1206 706 1244 homines
735 1206 936 1245 excellenti
963 1207 1098 1257 gratia„
1138 1208 1221 1256 Qui

94 1265 163 1301 abs
178 1270 215 1300 te
226 1262 386 1310 tribum,
402 1270 469 1300 aut
481 1261 706 1308 centuriam,
724 1268 791 1298 aut
802 1260 959 1312 aliquod
974 1262 1218 1311 beneficium,

93 1325 163 1355 aut
191 1317 371 1365 habeant,
392 1324 474 1363 aut,
498 1322 542 1353 ut
567 1315 748 1363 habeant,
777 1323 943 1366 sperent,
975 1329 1036 1354 eos
1065 1330 1220 1367 prorsus

95 1384 328 1423 magnopere
347 1378 386 1409 et
414 1383 606 1422 compara,
629 1377 666 1407 et
685 1368 880 1408 confirma.
920 1370 1040 1418 Nam,
1063 1384 1131 1421 per
1148 1371 1219 1411 hos

94 1438 228 1474 annos,
258 1425 434 1464 homines
463 1424 655 1462 ambitiosi
682 1423 926 1462 vehementer
955 1425 1062 1463 omni
1095 1426 1222 1465 studio

93 1487 211 1532 atque
230 1493 346 1532 opere
368 1479 606 1526 laborarunt,
625 1487 670 1516 ut
692 1485 845 1529 possent
868 1492 891 1516 a
915 1478 1120 1518 tribulibus
1140 1481 1219 1520 suis

92 1548 153 1582 ea,
166 1549 254 1587 quae
265 1541 451 1586 peterent,
464 1534 680 1585 impetrare.
698 1533 783 1571 Hos
796 1541 838 1570 tu
852 1532 1041 1580 homines,
1059 1534 1219 1585 quibus-

93 1603 262 1641 cumque
279 1588 504 1635 rationibus,
525 1594 583 1635 ut,
612 1601 660 1626 ex
678 1587 808 1625 animo
826 1596 942 1638 atque
961 1601 1008 1626 ex
1026 1589 1096 1626 illa
1115 1602 1222 1628 sum..

92 1644 161 1681 m'a
179 1644 389 1692 voluntate,
416 1643 475 1680 tui
502 1642 660 1680 studiosi
685 1642 774 1690 sint,
799 1642 1002 1680 elaborato.
1042 1643 1162 1691 Quod
1189 1647 1222 1684 si

94 1698 184 1736 satis
203 1697 303 1749 grati
320 1696 495 1735 homines
515 1704 650 1743 essent,
670 1696 753 1734 haec
764 1696 894 1734 omnia
906 1697 976 1735 tibi
989 1705 1123 1748 parata
1141 1712 1221 1739 esse

93 1752 298 1798 debebant,
319 1753 417 1790 sicut
434 1758 567 1803 parata
585 1764 665 1789 esse
684 1751 856 1790 confido:
888 1764 995 1799 nam,
1016 1752 1088 1791 hoc
1112 1753 1220 1792 bien-

94 1807 172 1854 nio,
195 1814 360 1858 quatuor
383 1806 600 1844 sodalitates
622 1805 766 1844 civium
789 1806 838 1843 ad
863 1806 1113 1844 ambitionem
1132 1821 1220 1858 gra-

93 1861 385 1900 tiosissimorum
405 1860 476 1898 tibi
494 1860 685 1911 oblig21sti,
702 1860 764 1898 M.
785 1860 994 1907 Fundanii,
1016 1861 1067 1908 Q.
1083 1862 1217 1912 Gauii,

95 1915 142 1954 G.
164 1915 346 1963 Cornelii,
381 1914 426 1953 C.
443 1914 632 1953 Orcinini.
662 1915 819 1953 Horum
837 1915 878 1952 in
899 1914 1021 1953 causis
1035 1916 1084 1953 ad
1101 1924 1138 1954 te
1153 1917 1219 1956 de..

93 1970 272 2017 ferendis,
305 1969 492 2021 quidnam
522 1981 656 2007 eorum
688 1969 833 2008 sodales
854 1969 925 2007 tibi
943 1970 1152 2020 receperint
1181 1979 1220 2010 et

94 2024 370 2072 confirmarint,
391 2024 493 2062 scio:
524 2035 616 2061 nam
634 2023 804 2062 interfui.
834 2024 979 2072 Quare,
996 2023 1068 2062 hoc
1080 2025 1150 2063 tibi
1161 2025 1220 2064 fa-

90 2078 271 2117 ciendum
290 2086 359 2126 est,
379 2085 425 2116 ut
442 2078 515 2116 hoc
525 2085 696 2129 tempore
714 2080 763 2116 ab
782 2078 843 2126 iis,
860 2078 964 2130 quod
983 2078 1136 2128 debent,
1153 2093 1223 2118 ex-

92 2132 189 2184 igas,
211 2146 310 2185 saepe
329 2132 620 2180 commonendo,
644 2132 828 2185 rogando,
855 2133 1131 2180 confirmando,
1152 2148 1219 2173 cu-

92 2188 214 2225 rando
233 2196 277 2226 ut
300 2187 532 2238 intelligant,
555 2187 711 2226 nullum
730 2201 771 2226 se
792 2200 967 2239 unquam
990 2187 1097 2225 aliud
1119 2197 1218 2227 tem-

93 2254 169 2294 pus
194 2241 392 2282 habituros
419 2241 625 2281 referendae
645 2243 790 2293 gratiae.
820 2242 1009 2334 ΖΡῙῸῘξοῐο
1026 2242 1217 2294 homines,

819 2304 828 2314 ‘
866 2308 892 2335 L
