1498 2401
329 89 412 127 AD
441 88 730 130 ATTICUM.
757 91 857 129 Lns.
878 90 1002 130 XIII.
1026 93 1092 129 22.
1194 91 1268 128 155

366 199 478 245 (22.)
509 196 725 238 CICERO
753 197 975 238 ATTICO
1004 199 1044 237 S.

202 303 265 342 De
283 304 472 355 Varrone,
506 319 584 345 non
614 307 694 345 sine
727 307 857 356 causa,
882 307 977 358 quid
1005 307 1076 345 tibi
1105 306 1269 358 placeat,

148 364 228 395 tam
257 358 458 409 diligenter
483 361 654 412 exquiro.
689 360 908 400 Occurrunt
933 361 1032 398 mihi
1059 360 1237 412 quaedam
1254 374 1266 397 ι

148 411 214 449 sed
243 425 287 450 ea
312 426 450 451 coram.
482 414 543 452 Te
562 423 692 453 autem
717 430 980 462 ασμενεστατα
1005 415 1181 459 intexui3
1210 414 1270 452 fa-

147 465 324 517 ciamque
342 467 383 505 id
401 468 579 507 crebrius.
610 469 804 507 Proximis
825 469 929 507 enim
954 469 1030 507 tuis
1048 469 1168 507 literis
1192 468 1272 519 pri-

149 531 274 568 mum,
295 528 332 559 te
349 521 390 559 id
408 534 485 560 non
506 523 620 571 nolle,
643 523 813 574 cognovi.
848 523 911 561 De
931 522 1134 568 Marcello,
1156 522 1273 573 scrip-

150 581 248 612 serat
272 574 321 612 ad
343 587 407 614 me
433 577 588 615 Cassius
608 586 744 623 antea3
776 593 824 615 τοι
848 592 946 614 κατα
975 592 1083 629 μερος
1103 576 1270 615 Servius.

151 627 190 665 O
211 641 292 666 rem
311 631 485 669 acerbam
501 632 511 669 Ξ
543 631 613 669 Ad
631 632 756 682 prima
774 631 899 669 redeo.

205 682 355 735 Scripta
373 692 502 723 nostra
519 697 712 737 nusquam
724 686 828 724 malo
841 698 933 733 esse,
947 697 1066 737 quam
1085 683 1190 736 apud
1207 691 1270 722 tez

153 736 220 774 sed
239 750 283 775 ea
309 745 393 776 tum
419 739 519 778 foras
537 739 634 787 dari,
655 753 744 779 cum
763 739 918 791 utrique
936 740 1109 777 nostrum
1128 738 1274 776 videbi-

153 797 228 828 tur.
267 791 354 842 Ego
374 800 411 831 et
427 794 600 832 librarios
619 803 705 833 tuos
728 794 842 845 culp&
859 794 994 841 libero,
1015 806 1141 844 neque
1158 800 1196 831 te
1215 805 1277 831 ac-

152 857 268 890 cuso;
310 854 347 884 et
378 854 508 886 tamen
538 849 643 886 aliud
671 849 857 900 quiddam
889 848 938 886 ad
970 856 1007 886 te
1036 847 1276 898 scripseram,

155 899 372 938 Caerelliam
394 902 573 952 quaedam
595 903 750 950 habere,
775 917 875 954 quae,
896 901 970 940 nisi
995 915 1018 940 a
1036 909 1087 948 te,
1108 914 1184 939 non
1207 913 1277 952 po-

154 954 280 992 tuerit.
321 955 448 994 Balbo
480 956 636 1008 quidem
668 957 930 1008 intelligebam
968 954 1277 994 satisfaciendum

153 1007 298 1046 fuisse:
329 1015 482 1048 tantum
507 1011 700 1056 nolebam,
725 1018 792 1049 aut
817 1010 1031 1049 obsoletum
1050 1010 1189 1055 Bruto,
1210 1016 1277 1047 aut

153 1061 281 1100 Balbo
294 1063 531 1112 inchoatum,
552 1065 647 1103 dari.
680 1065 860 1108 Varroni,
881 1064 998 1102 simul
1016 1076 1060 1102 ac
1078 1070 1116 1100 te
1134 1063 1277 1110 videro,

155 1115 187 1153 si
216 1116 286 1155 tibi
311 1117 515 1166 videbitur,
546 1120 712 1158 mittam.
750 1119 860 1166 Quid
891 1125 1021 1156 autem
1054 1115 1278 1164 dubitarim,

155 1182 244 1208 cum
264 1171 392 1210 videro
412 1180 461 1220 te,
482 1173 585 1211 scies.

207 1224 429 1264 Attributos
445 1227 548 1278 quod
562 1228 747 1278 appellas,
764 1227 874 1265 valde
887 1227 1017 1277 probe.
1048 1225 1107 1264 Te
1121 1225 1168 1264 de
1181 1238 1280 1276 prae-

154 1278 218 1316 dio
247 1279 342 1318 aviae
372 1281 550 1330 exerceri,
571 1282 729 1319 moleste
761 1281 853 1319 fero.
895 1280 958 1318 De
979 1281 1106 1318 Bruto
1135 1286 1278 1326 nostro,

153 1332 399 1384 perodiosum
415 1349 426 1372 ε
458 1335 523 1373 sed
542 1335 620 1374 vita
638 1336 723 1373 fert.
752 1334 940 1373 Mulieres
960 1342 1090 1372 autem
1105 1333 1171 1372 vix
1191 1333 1281 1372 satis

153 1387 338 1435 humane,
360 1402 447 1440 quae
464 1389 620 1428 inimico
632 1389 761 1428 animo
778 1389 916 1434 ferant,
933 1401 1022 1427 cum
1042 1395 1205 1439 utraque
1224 1387 1282 1426 of-

155 1440 242 1480 ficio
259 1450 405 1494 pareat.
445 1443 627 1482 Tullium
647 1444 823 1491 scribam,
854 1443 952 1481 nihil
969 1442 1058 1491 fuit,
1089 1442 1194 1494 quod
1213 1455 1281 1493 ap-

156 1496 318 1548 pellares
335 1511 346 1535 2
387 1510 480 1536 nam
516 1498 589 1537 tibi
619 1497 876 1545 mandassem,
911 1496 944 1535 si
979 1496 1124 1535 fuisset.
1168 1495 1283 1534 Nihil

158 1550 263 1589 enim
292 1558 349 1590 est
373 1552 478 1604 apud
501 1565 591 1590 eum
615 1552 786 1605 positum
817 1551 974 1590 nomine
998 1551 1104 1589 voti:
1136 1549 1203 1590 sed
1227 1556 1284 1588 est

157 1605 345 1656 quiddam
374 1607 479 1658 apud
507 1607 621 1645 illum
651 1620 797 1645 meum.
837 1604 886 1643 Id
914 1618 984 1656 ego
1005 1604 1047 1643 in
1071 1604 1172 1644 hanc
1201 1616 1284 1642 rem

160 1660 277 1698 statui
295 1660 474 1711 conferre.
506 1660 644 1713 Itaque
664 1668 701 1699 et
723 1675 794 1712 ego
815 1668 915 1698 recte
933 1658 1004 1698 tibi
1022 1659 1118 1708 dixi,
1138 1659 1207 1698 ubi
1226 1671 1284 1698 es-

159 1723 242 1762 set3
275 1722 313 1754 et
338 1715 410 1754 tibi
435 1715 501 1755 ille
523 1724 622 1754 recte
650 1715 817 1767 negavit,
846 1714 923 1754 Sed
947 1713 1020 1752 hoc
1045 1726 1201 1766 quoque
1224 1713 1286 1766 ip-

160 1783 248 1810 sum
266 1769 446 1808 continuo
465 1770 695 1808 adoriamur.

216 1824 372 1862 Lucum
385 1824 607 1863 hominibus
621 1836 699 1863 non
715 1836 806 1862 sane
819 1824 953 1876 probo,
970 1821 1075 1874 quod
1087 1828 1144 1861 est
1161 1821 1287 1861 deser-

160 1880 234 1918 tior
250 1893 261 1918 :
293 1879 359 1917 sed
371 1879 488 1917 habet
500 1886 672 1926 ευλογιαν.
701 1878 852 1917 Verum
870 1877 943 1916 hoc
957 1890 1125 1928 quoque,
1138 1884 1184 1915 ut
1198 1888 1285 1915 cen-

161 1933 281 1973 sueris
296 1947 306 1982 3
336 1933 481 1984 quippe
499 1933 567 1984 qui
585 1933 726 1971 omnia.
755 1933 858 1984 Ego,
877 1938 922 1970 ut
940 1930 1131 1978 constitui,
1145 1930 1259 1968 adero
1272 1944 1284 1968 z

162 1995 278 2040 atque
296 1987 447 2026 utinam
465 1994 508 2025 tu
523 2001 678 2040 quoque
691 1986 825 2025 eodem
845 1985 926 2025 die!
959 1985 1017 2024 sin
1031 1985 1127 2037 quid
1143 1985 1287 2036 (multa

164 2043 300 2091 enim),
315 2041 451 2093 utique
477 2042 685 2093 postridie:
715 2041 858 2080 etenim
877 2039 1119 2086 cohaeredes3
1149 2052 1173 2077 a
1198 2039 1290 2090 quis

165 2097 248 2136 sine
266 2103 304 2135 te
316 2096 497 2148 opprimi,
518 2096 666 2134 malitia
684 2102 752 2134 est.
1298 2134 1302 2137 ,

219 2151 365 2190 Alteris
390 2151 472 2200 jam
491 2150 609 2189 literis
634 2150 732 2188 nihil
751 2149 800 2189 ad
817 2162 880 2188 me
900 2149 946 2188 de
966 2146 1108 2191 Attica.
1143 2145 1218 2185 Sed
1247 2146 1287 2186 id
