1498 2401
211 96 292 134 316
373 95 457 134 AD
486 97 538 146 Q.
569 96 868 136 FRATREM.
893 97 995 136 Lm.
1016 95 1076 135 ΙΙ.
1104 95 1166 133 15.

209 216 328 255 quam
372 205 589 254 voluerunt,
630 205 728 245 forte
774 204 1031 250 surrexerint3
1071 201 1329 255 properando,

207 257 325 296 etiam
335 258 462 307 citius,
477 273 597 311 quam
612 260 644 298 si
662 260 710 298 de
727 260 854 298 multa
870 268 980 298 nocte
993 258 1228 310 vigilassent,
1243 269 1332 307 per-

208 312 377 361 veniant,
394 327 472 364 quo
490 314 635 360 velint;
657 315 709 353 sic
723 327 807 366 ego,
821 313 1006 366 quoniam
1022 313 1065 350 in
1081 312 1155 350 isto
1173 310 1331 349 homine

209 366 368 405 colendo
387 375 468 406 tam
486 368 693 407 indormivi
711 369 792 417 diu,
811 375 852 406 te
872 367 1125 420 (mehercule)
1145 377 1246 416 saepe
1264 377 1332 402 ex-

208 419 362 468 citante,
386 434 499 460 cursu
528 423 716 474 corrigam
744 422 977 469 tarditatem,
999 430 1085 460 tum
1103 419 1225 472 equis,
1246 426 1334 456 tum

208 486 298 512 vero
318 476 519 527 (quoniam
535 477 664 516 scribis
682 477 822 529 poema
840 479 888 516 ab
909 489 952 515 eo
966 482 1142 514 nostrum
1161 471 1334 525 probari)

209 529 405 580 quadrigis
446 531 618 582 poeticis.
665 531 790 570 Modo
826 530 925 569 mihi
956 529 1044 568 date
1071 526 1333 575 Britanniam,

208 596 329 634 quam
342 584 501 635 pingam
514 585 702 624 coloribus
721 585 812 632 tuis,
827 583 1006 637 penicillo
1020 596 1120 621 meo.
1153 581 1230 621 Sed
1243 579 1337 631 quid

211 649 285 688 ago
302 639 319 676 Ρ
349 638 454 689 quod
471 639 570 677 mihi
599 647 750 691 tempus
770 640 927 683 (Romae
950 636 1176 689 prasertim,
1201 642 1247 673 ut
1264 635 1336 673 iste

212 703 276 729 me
287 699 408 743 rogat,
429 693 618 741 manenti)
639 706 807 732 vacuum
822 691 1034 731 ostenditur
1047 691 1066 729 ’ἒ
1087 689 1163 729 Sed
1182 688 1333 728 videro:

213 744 372 784 fortasse
391 747 494 786 enim
526 750 588 797 (ut
616 746 677 798 fit)
708 747 833 787 vincet
849 753 941 787 tuus
959 758 1067 786 amor
1083 755 1219 784 omnes
1236 742 1338 782 diffi-

216 800 388 839 cultatae.

268 853 499 894 Trebatium
529 856 633 909 quod
657 856 708 896 ad
737 869 777 896 se
801 855 986 906 miserim,
1005 854 1184 907 persalse,
1205 859 1244 891 et
1260 851 1339 890 hu-

214 908 379 947 maniter
410 911 541 959 etiam,
567 911 707 962 gratias
736 911 835 949 mihi
859 910 951 962 agit.
993 910 1125 960 Negat
1156 906 1275 954 enim,
1293 905 1335 944 in

215 963 323 1001 tanta
339 965 588 1003 multitudine
603 979 736 1004 eorum
755 966 824 1017 qui
841 965 922 1004 una
940 971 1076 1011 essent,
1096 973 1336 1015 quemquam

214 1016 345 1065 fuisse,
367 1019 434 1069 qui
453 1019 718 1058 vadimonium
736 1019 931 1072 concipere
947 1025 1086 1071 posset.
1114 1016 1176 1055 M.
1199 1014 1336 1055 Curtio

214 1071 455 1111 tribunatum
474 1075 523 1112 ab
543 1087 586 1113 eo
604 1074 735 1126 petivi,
758 1075 869 1126 (nam
887 1072 1086 1112 Domitius
1110 1083 1149 1109 se
1173 1068 1336 1109 derideri

214 1126 401 1176 putasset,
423 1127 456 1166 si
483 1135 579 1167 esset
604 1142 627 1167 a
645 1142 709 1167 me
736 1136 916 1180 rogatus:
945 1127 1020 1165 hoc
1041 1125 1145 1164 enim
1171 1130 1229 1163 est
1253 1123 1336 1173 ejus

214 1180 498 1231 quotidianum,
519 1195 559 1221 se
584 1195 634 1221 ne
662 1183 865 1221 tribunum
894 1181 1066 1220 militum
1096 1177 1254 1231 quidem
1277 1176 1336 1215 fa-

211 1245 317 1272 cere:
349 1235 464 1273 etiam
483 1235 524 1273 in
543 1244 677 1276 senatu
695 1237 789 1275 lusit
805 1236 986 1288 Appium
1004 1234 1204 1285 collegam,
1219 1244 1335 1284 prop-

210 1294 314 1327 terea
333 1290 407 1328 isse
428 1289 479 1328 ad
499 1289 707 1340 Caesarem,
727 1298 773 1329 ut
799 1291 969 1342 aliquem
995 1288 1236 1328 tribunatum
1264 1299 1335 1324 au-

208 1341 342 1393 ferret)
360 1343 427 1382 sed
445 1344 485 1381 in
504 1345 671 1383 alterum
689 1357 849 1383 annum.
881 1343 931 1382 Id
957 1350 996 1382 et
1009 1341 1171 1384 ‚Curtius
1195 1340 1250 1379 ita
1267 1352 1334 1379 vo·

207 1395 322 1436 lebat.
353 1397 434 1447 Tu,
448 1399 778 1450 quemadmodum
790 1411 855 1437 me
871 1410 998 1436 censos
1012 1402 1184 1448 oportere
1198 1407 1278 1433 esse
1291 1393 1333 1431 in

207 1462 248 1488 re
273 1451 429 1502 publica
448 1460 485 1491 et
504 1452 544 1490 in
562 1453 701 1492 nostris
719 1451 942 1500 inimicitiis,
970 1451 1026 1490 ita
1043 1457 1081 1489 et
1099 1462 1178 1489 esse
1196 1455 1234 1488 et
1251 1447 1333 1487 fore

207 1506 382 1544 auricula
394 1505 531 1545 infima
550 1507 642 1546 scito
660 1507 888 1546 molliorem.

258 1559 339 1598 Res
358 1560 548 1599 Romanae
567 1574 606 1600 se
624 1561 677 1600 sic
690 1561 894 1600 habebant.
923 1559 1022 1599 Erat
1040 1557 1228 1598 nonnulla
1246 1569 1332 1609 spes

201 1613 462 1662 comitiorum,
489 1615 555 1653 sed
573 1615 740 1654 incerta:
771 1621 852 1654 erat
869 1613 1001 1666 aliqua
1019 1612 1183 1665 suspicio
1210 1611 1331 1650 dicta-

199 1674 311 1717 turae,
333 1679 383 1706 ne
401 1681 446 1707 ea
464 1668 622 1720 quidem
641 1676 766 1709 certat
797 1681 997 1709 summum
1020 1667 1146 1707 otium
1163 1665 1328 1713 forense,

201 1721 271 1760 sed
291 1723 518 1761 senescentis
536 1723 660 1775 magis
689 1723 868 1771 civitatis,
897 1735 1018 1775 quam
1043 1719 1328 1773 acquiescentis.

198 1775 399 1815 Sententia
410 1784 540 1816 autem
559 1785 688 1817 nostra
705 1777 746 1817 in
765 1785 899 1819 senatu
918 1775 1123 1827 ejusmodi,
1142 1774 1267 1827 magis
1284 1779 1331 1812 ut

197 1829 267 1869 alii
285 1830 395 1869 nobis
414 1831 682 1881 assentiantur,
704 1844 824 1884 qua-m
843 1838 994 1872 nosmet
1011 1830 1097 1883 ipsi.

364 1919 508 1956 Tozxusr’
528 1921 543 1956 ὁ
565 1926 716 1969 τλημων
736 1927 895 1968 πολεμος
912 1915 1163 1971 εξεργαζεται.

256 1990 420 2032 Calamo
434 2000 471 2031 et
483 2000 695 2032 atramento
713 2000 939 2046 temperato,
955 1990 1086 2032 charta
1097 1990 1212 2030 etiam
1231 1990 1326 2030 den-

201 2048 296 2094 tata,
325 2059 384 2085 res
406 2055 552 2098 agetur.
582 2047 723 2086 Scribis
742 2049 861 2096 enim,
882 2056 920 2086 te
938 2059 1044 2085 meas
1062 2046 1192 2085 literas
1212 2058 1327 2098 supe-

196 2101 315 2140 riores
333 2102 400 2140 vix
418 2101 542 2154 legere
568 2101 757 2153 potuisse:
789 2102 831 2140 in
859 2114 939 2154 quo
965 2099 1064 2139 nihil
1090 2112 1239 2144 eorum,
1267 2098 1325 2137 mi

198 2154 331 2205 frater,
350 2155 440 2203 fuit,
456 2168 545 2208 quae
558 2162 691 2208 putas:
713 2167 838 2208 neque
856 2155 961 2195 enim
978 2160 1185 2207 occupatus
1202 2165 1323 2202 eram,

203 2220 330 2261 neque
358 2210 617 2262 perturbatus,
638 2222 708 2251 nec
725 2210 846 2251 iratus
869 2208 1010 2250 alienia
1041 2207 1106 2249 sed
1130 2208 1203 2249 hoc
1226 2206 1325 2247 fado
