1467 2401
339 127 422 166 AD
454 127 742 167 ATTICUM.
774 127 874 166 Lm.
896 127 974 167 XI.
1001 130 1040 166 2.
1206 129 1254 172 71

365 237 453 284 (1.)
482 236 695 278 CICERO
723 236 948 276 ATTICO
978 237 1019 276 S.

190 344 333 397 Accepi
356 358 379 384 a
397 352 435 384 te
453 346 649 397 signatum
666 345 859 392 libellum,
881 358 997 397 quem
1017 345 1185 384 Anteros
1204 354 1262 385 at-

133 400 299 445 tulerat3
331 413 378 438 ex
397 413 474 452 quo
493 400 592 438 nihil
615 401 709 439 scire
730 400 841 452 potui
859 400 907 438 de
925 401 1062 438 nostris
1081 400 1263 439 domesti-

133 454 188 493 cis
202 456 340 492 rebus:
372 454 419 492 de
438 455 580 506 quibus
598 454 840 493 acerbissime
858 454 1032 503 afflictor,
1053 454 1172 506 quod,
1194 454 1262 507 qui

137 521 200 547 eas
218 508 465 571 dispensavit,
489 521 615 562 neque
641 509 748 547 adest
765 509 864 557 istic,
891 521 1031 560 neque,
1058 508 1128 546 ubi
1147 518 1265 547 terra-

135 575 224 601 rum
244 563 326 610 scit
344 563 432 602 scio.
461 562 636 602 Omnem
654 571 786 602 autem
806 575 914 615 spem
927 562 1050 601 habeo
1070 562 1265 601 existima-

135 616 250 656 tionis
281 617 597 669 privatarumque
629 630 759 656 rerum
784 617 825 655 in
856 617 926 655 tua
957 630 1047 668 erga
1075 629 1139 655 me
1168 616 1267 654 mihi

135 672 438 724 perspectissima
456 672 746 711 benevolentia.
768 684 887 733 quam
908 671 939 709 si
957 671 1017 710 his
1029 671 1266 723 temporibus

136 726 285 764 miseris
314 734 352 764 et
383 726 564 765 extremis
592 726 825 778 praestiteris,
856 726 938 764 haec
967 725 1150 777 pericula
1179 738 1267 777 quae

137 780 236 819 mihi
265 781 487 819 communia
519 789 610 819 sunt
640 794 730 820 cum
764 780 922 828 caeteris,
952 780 1088 819 fortius
1116 780 1263 818 feram.

138 834 256 887 idque
275 843 320 873 ut
338 835 467 883 facias,
487 843 526 875 te
546 837 711 874 obtestor
729 843 846 886 atque
864 837 1030 873 obsecro.

193 889 281 941 Ego
299 890 340 927 in
359 890 573 941 cistophoro
598 890 639 927 in
658 890 758 928 Asia
776 889 898 927 habeo
917 889 967 927 ad
987 889 1058 928 HS
1077 889 1136 927 bis
1157 897 1194 927 et
1212 889 1269 928 vi-

140 944 226 982 cies.
268 944 403 993 Hujus
432 945 605 996 pecuniae
637 944 919 996 permutatione
948 943 1066 981 fidem
1099 951 1270 982 nostram

139 997 251 1037 facile
269 1000 448 1037 tuebere.
480 1012 600 1051 quam
619 998 777 1050 quidem
798 1011 867 1049 ego
885 997 959 1035 nisi
979 998 1196 1049 expeditam
1212 1011 1270 1037 re-

138 1052 313 1104 linquere
332 1054 495 1104 putasse
487 1067 541 1101 n,
559 1053 713 1092 credens
733 1053 780 1099 ei,
795 1052 856 1090 cui
872 1060 914 1090 tu
934 1052 1004 1090 scis
1020 1054 1102 1102 jam
1122 1052 1273 1103 pridem

141 1107 303 1145 minime
330 1107 495 1155 credere,
517 1116 777 1146 commoratus
803 1119 924 1145 essem
949 1108 1172 1158 paulisperg
1203 1119 1273 1145 nec

141 1161 369 1200 domesticas
398 1175 457 1200 res
485 1162 690 1214 impeditas
727 1161 993 1212 reliquissem.
1030 1163 1078 1199 ob
1110 1173 1274 1212 eamque

141 1228 299 1254 causam
319 1216 437 1254 serius
453 1216 505 1254 ad
524 1223 561 1255 te
580 1216 716 1265 scribo,
747 1215 852 1268 quod
872 1228 953 1254 sero
971 1214 1158 1264 intellexi,
1179 1214 1275 1267 quid

142 1269 361 1308 timendum
382 1278 489 1309 esset.

199 1324 261 1362 Te
280 1324 394 1363 etiam
415 1332 541 1386 atque
552 1325 667 1364 etiam
695 1337 775 1373 oro,
795 1331 840 1362 ut
858 1337 921 1362 me
940 1332 1065 1363 totum
1085 1324 1274 1362 tuendum

144 1379 354 1431 suscipi-283
382 1388 445 1440 Ut'.
463 1380 495 1417 si
516 1379 545 1417 ii
568 1380 664 1418 salvi
684 1386 796 1418 erunt
816 1379 1050 1430 quibuscum
1071 1391 1172 1425 sum,
1194 1391 1276 1417 una

145 1445 236 1472 cum
267 1433 314 1472 iis
343 1433 490 1485 possim
520 1434 725 1472 incolumis
753 1446 846 1480 esse,
877 1433 1120 1485 salutemque
1145 1445 1276 1472 meam

145 1487 421 1527 benevolentiae
439 1495 518 1527 tuae
535 1496 732 1541 acceptam
752 1487 902 1530 referre.

387 1654 472 1701 (2.)
503 1651 724 1713 CICERO
752 1650 967 1691 ATIICO
996 1651 1036 1690 S.

207 1762 358 1800 Literas
377 1768 463 1800 tuas
481 1761 609 1813 accepi
631 1761 755 1814 pridie
777 1761 912 1800 Nonas
933 1760 1187 1808 Februarias,
1176 1774 1186 1785 ·
1219 1774 1282 1798 eo-

150 1829 229 1868 que
257 1816 343 1868 ipso
370 1815 432 1854 die
455 1829 503 1854 ex
529 1823 758 1854 testamento
777 1816 877 1854 crevi
898 1815 1172 1854 haereditatem.
1217 1815 1283 1855 Ex

153 1870 288 1909 multis
317 1870 413 1908 meis
442 1871 667 1909 miserrimis
690 1870 790 1909 curis
820 1878 875 1909 est
901 1882 979 1908 una
1000 1870 1140 1918 levata,
1156 1869 1192 1908 51
1221 1871 1284 1923 (ut

153 1922 306 1974 scribis)
327 1924 400 1963 ista
428 1925 628 1963 haereditas
653 1925 771 1963 fidem
793 1931 830 1963 et
855 1924 1001 1963 famam
1024 1937 1154 1962 meam
1184 1925 1285 1963 tueri

152 1986 291 2031 potest,
313 1992 432 2041 quam
452 1979 610 2030 quidem
625 1986 662 2018 te
680 1979 867 2031 intelligo,
890 1979 1006 2017 etiam
1026 1979 1106 2017 sine
1124 1979 1287 2018 haeredi-

154 2041 248 2082 tate,
268 2034 345 2072 tuis
363 2033 501 2085 opibus
519 2034 768 2072 defensurum
786 2034 915 2072 fuisse.

211 2087 275 2126 De
294 2088 383 2126 dote
402 2087 507 2140 quod
526 2088 670 2135 scribis,
691 2101 759 2140 per
777 2100 910 2126 omnes
923 2085 1029 2126 Deos
1047 2094 1086 2125 te
1105 2090 1286 2136 obtestor,

156 2149 201 2180 ut
219 2150 340 2181 totam
361 2155 442 2180 rem
461 2143 657 2194 suscipias,
679 2149 715 2180 et
734 2143 858 2191 iliam,
874 2143 1055 2181 miseram
1066 2143 1156 2181 me&
1174 2143 1290 2195 culpa

159 2204 197 2235 et
215 2196 464 2249 negligentiis,⁹
477 2204 608 2236 tueare
621 2197 718 2235 meis
730 2197 884 2250 opibus,
905 2197 937 2235 si
956 2210 1044 2249 quae
1063 2205 1176 2242 sunt;
1199 2198 1289 2246 tuis,

162 2250 303 2302 quibus
320 2251 390 2290 tibi
409 2251 617 2290 molestum
636 2263 713 2289 non
735 2251 819 2299 erit,
836 2251 1110 2290 facultatibus:
1132 2252 1192 2290 eui
1206 2252 1292 2304 qui-
