1498 2401
273 97 353 137 292
457 97 540 137 An
568 98 621 147 Q.
651 96 951 138 FRATREM.
981 96 1081 135 ιω.
1103 93 1138 134 1.
1166 95 1205 133 3.

271 212 402 257 postea
429 206 596 246 redditas
620 219 723 246 esse:
758 207 799 246 in
829 206 970 259 quibus
997 204 1101 243 idem
1124 210 1162 242 te
1189 203 1320 241 hortor
1347 206 1393 242 εἰς

268 271 377 310 rogo,
397 260 501 311 quod
518 261 628 312 pueri
646 261 716 299 tibi
735 261 857 300 verbis
870 261 966 299 meis
983 258 1226 305 nuntiarunt,
1244 264 1290 295 ut
1302 256 1392 294 Ro..

269 324 377 351 mam
395 314 568 365 protinus
585 328 720 366 pergas
738 323 776 354 et
792 327 980 367 properes.
1011 313 1190 351 Primum
1208 310 1326 358 enim,
1346 316 1386 348 te

268 367 446 418 praesidio
475 381 553 408 esse
577 369 696 417 volui,
723 369 754 407 si
779 369 847 421 qui
880 375 1001 407 essent
1029 365 1190 413 inimici,
1216 376 1384 416 quorum

267 421 471 460 crudelitas
502 423 676 461 nondum
705 431 801 461 esset
824 423 955 461 nostra
987 420 1202 459 calamitate
1237 418 1386 457 satiata.

268 473 423 514 Deinde
450 480 670 527 congressus
691 476 810 514 nostri
837 475 1148 514 lamentationem
1172 471 1356 524 pertimui
1370 485 1382 508 ε

268 527 483 579 digressum
494 543 580 568 vero
598 543 676 569 non
690 531 886 569 tulissem:
916 537 1036 582 atque
1053 528 1168 567 etiam
1179 527 1221 565 id
1237 526 1387 577 ipsum,

266 582 373 633 quod
402 592 445 622 tu
470 584 614 632 scribis,
647 586 882 631 metuebam,
902 596 950 622 ne
983 597 1006 621 a
1029 595 1094 621 me
1122 580 1281 620 distrahi
1305 591 1390 618 non

271 649 414 687 posses.

322 690 398 729 His
413 691 461 729 de
478 691 601 730 causis
618 691 691 731 hoc
708 691 926 730 maximum
943 690 1107 736 malum,
1127 688 1233 740 quod
1249 695 1287 727 te
1304 699 1383 726 non

268 743 362 792 vidi,
377 747 472 796 (quo
485 745 583 783 nihil
594 746 863 784 amantissimis
878 753 915 783 et
928 742 1244 793 conjunctissimis
1257 741 1385 780 fratri-

266 798 339 836 bus
358 799 528 837 acerbius
555 812 599 838 ac
623 799 799 838 miserius
827 799 977 838 videtur
1000 797 1167 836 accidere
1193 795 1380 848 potuisse)

264 851 396 890 minus
426 853 619 901 acerbum,
643 853 774 892 minus
792 853 976 891 miserum
1002 852 1090 899 fuit,
1111 863 1230 903 quam
1249 850 1385 888 fuisset

264 918 356 943 cum
375 907 599 957 congressio,
620 914 703 945 tum
723 920 811 946 vero
830 906 1008 959 digressio
1026 913 1168 944 nostra,

319 960 452 1008 Nunc,
472 960 503 999 si
521 968 641 1012 potes,
665 961 736 1013 (id,
758 961 863 1014 quod
882 974 966 1012 ego,
987 960 1054 1012 qui
1073 959 1180 998 fortis
1197 957 1269 998 tibi
1283 970 1384 997 sem-

262 1025 332 1064 per
350 1014 518 1061 videbar,
534 1027 610 1053 non
630 1023 804 1067 possum)
817 1015 917 1066 erige
928 1023 979 1061 te,
993 1022 1031 1053 et
1048 1013 1245 1061 confirma,
1261 1012 1293 1051 si
1306 1025 1391 1064 qua.

263 1068 463 1107 subeunda
480 1068 674 1108 dimicatio
692 1070 774 1108 erit.
807 1070 940 1121 Spero,
961 1069 993 1107 si
1011 1067 1106 1119 quid
1119 1080 1206 1106 mea
1219 1079 1304 1118 spoe
1314 1066 1388 1104 ha-

263 1121 329 1159 bet
347 1123 593 1172 auctoritatis,
613 1123 683 1162 tibi
703 1131 740 1162 et
753 1123 1010 1174 integritatem
1024 1129 1148 1170 tuam,
1164 1128 1203 1160 et
1213 1132 1384 1160 amorem

263 1173 305 1211 in
324 1182 362 1213 te
380 1176 554 1224 civitatis,
575 1187 612 1215 et
631 1177 778 1229 aliquid
801 1178 917 1217 etiam
935 1175 1231 1216 misericordiam
1249 1173 1386 1224 nostri,

263 1229 430 1279 praesidii
458 1230 637 1269 laturam.
678 1232 746 1270 Sin
772 1231 843 1270 eris
862 1233 910 1270 ab
929 1231 1001 1270 isto
1025 1230 1194 1282 periculo
1225 1241 1383 1276 vacuus,

261 1295 352 1333 ages
370 1284 523 1332 scilicet,
544 1285 576 1323 si
600 1285 694 1337 quid
714 1286 776 1337 agi
794 1298 902 1337 posse
920 1285 968 1323 de
985 1285 1095 1323 nobis
1121 1283 1275 1335 putabis
1291 1296 1302 1320 :
1333 1281 1389 1320 de·

261 1348 340 1386 quo
359 1337 528 1376 scribunt
542 1339 592 1377 ad
603 1352 665 1377 me
676 1340 832 1391 quidem
848 1339 964 1378 multi
977 1338 1115 1385 multa,
1131 1345 1168 1375 et
1183 1350 1222 1376 se
1233 1349 1384 1388 sperare

261 1389 548 1430 demonstrant:
579 1393 644 1430 sed
670 1406 754 1444 ego,
785 1393 879 1444 quid
910 1405 1072 1444 sperem,
1102 1403 1180 1429 non
1207 1390 1380 1442 dispiciO,

261 1455 350 1480 cum
369 1444 515 1483 inimici
533 1447 748 1497 plurimum
777 1447 941 1494 valeant,
968 1446 1082 1485 amici
1105 1444 1248 1496 partim
1276 1444 1391 1482 dese-.

260 1497 404 1535 ruerint
430 1511 507 1547 me,
528 1500 669 1550 partim
694 1501 808 1545 etiam
838 1500 1098 1552 prodiderintz
1128 1498 1197 1550 qui
1224 1498 1265 1536 in
1290 1510 1380 1536 meo

260 1550 386 1589 reditu
403 1551 558 1592 fortasse
577 1554 908 1605 reprehensionem
927 1554 987 1592 sui
1014 1552 1161 1593 sceleris
1179 1553 1380 1604 pertimes-

258 1611 358 1642 cant.
391 1606 467 1644 Sed
486 1607 558 1645 ista
576 1608 706 1658 qualia
723 1608 812 1656 sint,
833 1615 876 1646 tu
892 1608 1007 1646 velim
1025 1606 1242 1659 perspiciae,
1262 1605 1379 1644 mihi-

256 1670 332 1708 que
357 1658 533 1698 declarffi.
561 1661 650 1712 Ego
668 1670 812 1709 tamen,
833 1661 1019 1713 quamdiu
1039 1661 1109 1700 tibi
1126 1673 1223 1711 opus
1241 1660 1325 1708 erit,
1345 1660 1379 1698 si

257 1712 353 1762 quid
371 1713 529 1763 periculi
547 1716 793 1754 subeundum
812 1716 971 1764 videbis,
987 1716 1127 1754 vivam.
1156 1714 1317 1753 Diutius
1334 1713 1376 1752 in

255 1764 327 1804 hac
347 1765 423 1804 vita
442 1780 519 1806 esse
537 1780 614 1807 non
632 1782 813 1820 possum:
847 1782 972 1821 neque
991 1769 1095 1808 enim
1113 1776 1265 1807 tantum
1285 1767 1376 1806 viri*

255 1831 324 1856 um
342 1819 458 1859 habet
475 1822 557 1860 ulla
576 1830 643 1860 aut
660 1823 864 1874 prudentia
881 1832 949 1862 aut
966 1823 1150 1873 doctrina,
1165 1828 1211 1860 ut
1222 1828 1375 1861 tantum

255 1872 426 1912 dolorem
445 1876 564 1926 possit
582 1878 778 1915 sustinere.

309 1928 395 1966 Scio
408 1928 524 1967 fuisse
538 1937 575 1967 et
586 1930 782 1970 honestius
792 1930 978 1969 moriendi
990 1938 1157 1982 tempus,
1171 1936 1208 1968 et
1219 1929 1351 1969 utilius
1361 1945 1374 1968 ε

255 1980 322 2018 sed
339 1993 416 2019 non
444 1982 517 2022 hoc
535 1984 673 2032 solum,
695 1985 819 2023 multa
836 1985 925 2033 alia,
945 1984 1192 2036 praetermisi:
1224 1997 1313 2036 quae
1342 1984 1376 2022 si

254 2035 366 2085 queri
389 2036 505 2075 velim
527 2038 730 2088 praeterita,
750 2039 848 2077 nihil
875 2052 1003 2089 agam,
1036 2038 1110 2077 nisi
1138 2045 1182 2076 ut
1209 2050 1387 2089 augeam-

253 2088 426 2127 dolorem
443 2097 570 2138 tuum,
591 2092 756 2131 indicem
774 2092 976 2131 stultitiam
990 2105 1130 2132 meam.
1159 2091 1268 2130 Illud
1286 2091 1387 2143 quia

251 2141 341 2181 dem
359 2155 428 2182 nec
446 2144 663 2184 faciendum
681 2154 751 2196 est,
770 2159 840 2186 nec
864 2147 946 2185 fieri
963 2154 1101 2198 potest,
1126 2158 1190 2184 me
1208 2145 1372 2192 diutius,

249 2207 369 2247 quam
387 2204 455 2237 aut
467 2205 580 2238 tuum
594 2207 761 2252 tempus,
774 2208 842 2240 aut
855 2199 967 2240 firma
979 2213 1066 2253 spes
1083 2199 1307 2252 postulabit,
1321 2198 1364 2238 in
1376 2233 1384 2239 .
