1498 2401
263 103 345 142 AD
374 104 665 144 ATTICUM.
697 105 797 143 Lus.
819 105 938 143 XVI.
972 105 1033 143 14.
1143 104 1222 142 255

101 211 240 263 inepta.
270 210 368 249 Inde
385 211 565 262 postridie
591 224 704 250 mane
729 211 981 263 proficiscens,
1011 211 1079 248 has
1097 209 1223 248 literas

103 264 192 303 dedi
206 279 218 302 :
248 270 286 303 et
307 264 480 316 quidem,
511 273 554 303 ut
580 278 604 302 a
622 278 685 303 me
709 265 940 303 dimitterem
958 263 1222 311 inxitsssimus,

103 317 273 356 fecerunt
293 317 421 356 Erotis
439 319 569 357 literae.
597 319 699 356 Rem
722 319 791 356 tibi
812 319 907 356 Tiro
927 317 1106 356 narrabit.
1137 316 1220 363 Tu,

103 371 197 423 quid
215 371 433 410 faciendum
445 372 507 418 sit,
523 372 678 410 videbis.
711 373 913 418 Praeterea,
929 371 1120 423 possimne
1135 383 1224 422 pro-

103 424 190 477 pius
208 424 382 464 accedere
397 426 520 478 (malo
539 425 642 464 enim
662 438 741 463 esse
759 425 800 462 in
815 425 1052 472 Tusculano,
1073 432 1140 462 aut
1159 437 1223 465 us-

104 477 211 529 piam
229 477 270 516 in
295 480 549 527 suburbano),
566 491 615 517 an
640 479 756 517 etiam
780 479 933 530 longius
951 477 1223 517 discedendum

104 539 230 583 putes,
248 533 378 571 crebro
397 533 446 572 ad
463 546 540 581 me,
555 532 684 582 velim,
698 532 849 571 scribas.
881 532 969 570 Erit
987 539 1116 570 autem
1129 544 1226 583 quo-

109 583 220 634 tidie,
237 585 298 624 cui
315 585 393 625 dae.

158 638 276 687 Quod
294 647 475 691 praeterea
493 640 672 688 consulis,
692 639 787 691 quid
805 639 875 678 tibi
894 651 1066 678 censeam
1086 638 1227 676 facien-

104 691 215 741 dum,
235 693 387 732 difficile
407 701 476 741 est,
497 706 585 732 cum
605 693 741 732 absim.
762 694 1057 740 Verumtamen,
1074 692 1105 730 si
1116 705 1226 743 pares

105 759 215 797 aeque
246 747 344 786 inter
370 760 422 795 se,
450 747 754 799 quiescendum:
791 747 874 791 sin;
904 746 1020 785 latius
1041 746 1227 790 manabit,

105 807 143 838 et
161 799 319 851 quidem
337 801 387 839 ad
405 813 488 849 nos,
513 800 651 839 deinde
670 800 937 840 communiter.
967 799 1093 838 Avide
1112 806 1226 837 tuum

104 854 305 892 consilium
334 863 520 906 exspecto.
561 855 713 903 Timeo,
734 867 783 893 ne
810 854 950 903 absim,
979 867 1070 892 cum
1098 853 1226 891 adesse

105 919 170 945 me
202 907 251 946 sit
282 907 477 947 honestius
494 923 505 946 ε
546 908 674 946 venire
705 920 782 946 non
807 907 941 946 audeo.
982 907 1045 946 De
1062 907 1227 945 Antonii

106 960 306 1000 itineribus
331 962 456 1000 nescio
475 961 570 1013 quid
596 961 704 1000 aliter
723 961 852 1008 audio,
873 969 988 1014 atque
1006 960 1055 999 ad
1082 969 1119 999 te
1138 960 1227 999 scri-

106 1015 258 1075 bebam.
289 1014 436 1054 Omnia
454 1016 586 1067 igitur,
598 1015 729 1065 velim,
743 1015 922 1067 explices,
937 1023 974 1054 et
988 1015 1038 1054 ad
1051 1027 1114 1053 me
1128 1024 1229 1053 certa

107 1076 252 1107 mlttas.

162 1121 225 1160 De
243 1122 390 1175 reliquo
411 1123 505 1175 quid
519 1123 590 1161 tibi
608 1136 677 1174 ego
696 1122 819 1161 dicam
836 1125 854 1161 ‚⁹
883 1121 997 1161 ardeo
1020 1121 1147 1161 studio
1165 1121 1227 1160 hi-

108 1175 233 1214 storiae
246 1176 533 1228 (incredibiliter
549 1177 652 1215 enim
671 1189 734 1214 me
746 1183 960 1215 commovet
978 1184 1045 1214 tua
1057 1176 1229 1214 cohorta-

109 1228 208 1275 tio);
239 1243 326 1282 quae
353 1230 510 1282 quidem
533 1243 601 1269 nec
628 1230 777 1268 institui
803 1242 873 1268 nec
892 1230 988 1268 effici
1006 1237 1130 1281 potest
1148 1229 1229 1268 sine

109 1283 179 1322 tua
197 1296 280 1335 ope.
320 1283 459 1323 Coram
485 1284 603 1335 igitur
620 1284 692 1322 hoc
719 1284 876 1335 quidem
895 1284 1145 1322 conferemus.
1180 1283 1231 1321 In

107 1337 309 1388 praesentia
329 1337 440 1386 mihi,
460 1338 590 1385 velim,
612 1337 765 1384 scribas,
787 1337 927 1390 quibus
951 1336 1167 1376 censoribus
1187 1336 1235 1374 C.

99 1389 300 1440 Fannius,
326 1390 389 1429 Μ.
410 1391 457 1430 F.
477 1391 653 1430 tribunus
671 1391 795 1443 plebis
813 1391 956 1436 fuerit;
986 1390 1115 1429 videor
1132 1390 1230 1428 mihi

110 1444 276 1493 audisse,
298 1445 347 1483 P.
363 1444 565 1493 Africano,
587 1445 635 1484 L.
652 1444 864 1483 Mummio.
894 1445 944 1483 Id
958 1444 1076 1496 igitur
1088 1456 1230 1496 quaer0.

112 1497 180 1536 Tu
211 1499 322 1548 mihi,
342 1499 390 1538 de
411 1499 458 1537 iis
485 1501 598 1538 rebus
621 1512 709 1551 quae
731 1506 935 1549 novantur,
962 1497 1093 1538 omnia
1114 1505 1229 1546 certa,

111 1551 224 1591 clara.
254 1553 323 1592 III
345 1553 406 1592 Id.
426 1566 474 1592 ex
492 1552 688 1605 Arpinati.

328 1715 443 1766 (14.)
471 1714 680 1756 CICERO
711 1715 922 1777 ATTICO
953 1718 993 1755 S.

128 1849 131 1852 -
170 1822 284 1862 Nihil
302 1829 381 1861 erat
398 1823 526 1875 plane,
543 1823 647 1876 quod
664 1824 878 1862 scriberem.
909 1824 1029 1868 Nam,
1043 1835 1132 1861 cum
1152 1822 1232 1861 Pu-

116 1877 224 1916 teolis
256 1889 391 1925 essem,
428 1877 596 1929 quotidie
631 1877 778 1930 aliquid
807 1877 896 1915 novi
928 1877 975 1915 de
1005 1876 1231 1923 Octaviano,

115 1931 240 1969 multa
267 1930 383 1969 etiam
408 1930 504 1969 falsa
531 1931 578 1969 de
617 1931 799 1970 Antonio.
833 1931 901 1969 Ad
924 1944 968 1969 ea
993 1938 1122 1969 autem
1148 1943 1234 1982 quae

114 1983 308 2036 scripsisti,
332 1985 425 2036 (tres
443 1984 545 2023 enim
564 1998 781 2038 acceperam
800 1985 870 2024 111
891 1984 986 2023 Idus
1000 1997 1023 2022 a
1041 1992 1078 2022 te
1097 1983 1235 2035 episto·

115 2037 191 2086 las)
217 2038 327 2076 valde
353 2037 423 2076 tibi
447 2039 640 2087 assentior,
662 2039 695 2078 si
721 2039 890 2077 multum
916 2038 1035 2090 possit
1054 2036 1235 2077 Octavia-

118 2103 206 2141 nus,
232 2091 356 2130 multo
387 2092 535 2130 firmius
562 2100 647 2132 acta
674 2092 827 2145 tyranni
853 2093 1143 2144 comprobatum
1174 2090 1235 2137 iri,

117 2158 236 2197 quam
255 2145 296 2184 in
316 2144 499 2195 Telluris,
511 2155 627 2199 atque
644 2146 685 2185 id
703 2154 833 2186 eontra
850 2146 1021 2185 Brutum
1040 2144 1145 2183 fore:
1176 2144 1235 2183 sin

119 2206 248 2238 autem
272 2198 450 2248 vincitur,
478 2199 582 2239 vides
606 2199 884 2240 intolerabilem
903 2197 1121 2238 Antonium
1140 2211 1154 2245 ς
1183 2204 1240 2247 ut,
