1498 2401
376 76 459 114 AD
486 74 771 115 ATTICUM.
803 74 903 113 Lm.
926 73 1045 114 XVI.
1077 77 1115 120 7.
1229 77 1307 121 247

421 184 510 231 (7.)
540 182 753 223 CICERO
781 183 1002 224 ATTICO
1029 185 1072 224 S.

240 292 391 332 Octavo
418 291 480 330 Id.
505 292 628 332 Sextii
656 305 760 338 cum,
788 305 811 330 a
836 291 1076 344 Leucopetra
1100 292 1307 344 profectus,

184 346 293 399 (inde
304 346 407 386 enim
420 347 742 394 transmittebam)
753 346 874 386 stadia
887 347 1033 385 circiter
1044 346 1146 386 CCC
1158 360 1307 399 proces-

185 402 331 449 sissem,
361 402 521 451 rejectus
549 414 636 440 sum
651 402 793 440 Austro
818 401 1033 440 vehementi
1055 401 1104 439 ad
1131 401 1308 441 eamdem

184 455 475 506 Leucopetram.
519 454 583 493 Ibi
614 468 703 494 cum
728 462 888 494 ventum
919 463 1176 507 exspectarem
1207 457 1307 508 (erat

185 510 289 548 enim
301 510 392 547 villa
411 509 558 547 Valerii
576 510 708 556 nostri,
728 518 772 548 ut
790 509 1028 547 familiariter
1047 522 1181 556 essem,
1203 518 1241 549 et
1258 510 1306 548 11-

182 565 346 611 benter),
368 563 539 615 Rhegini
557 563 730 615 quidam,
746 563 912 602 illustres
929 563 1118 611 homines,
1138 577 1181 602 eo
1192 576 1307 603 vene-

182 625 288 664 runt,
309 618 438 656 Roma
456 630 546 656 sane
556 626 750 661 recentes,
740 631 749 641 ·
771 618 812 655 in
826 618 872 655 iis
886 617 1003 656 Bruti
1021 618 1139 656 nostri
1152 618 1304 670 hospes,

183 671 252 724 qui
279 672 451 710 Brutum
476 672 644 723 Neapoli
676 672 900 724 reliquisset.
948 672 1046 710 Haec
1079 671 1302 721 afferebant,

181 726 350 765 edictum
382 726 498 764 Bruti
523 734 560 764 et
586 726 734 773 Cassii;
765 734 802 764 et
826 725 907 764 fore
927 725 1169 777 frequentem
1196 739 1307 764 sena-

181 788 269 819 tum
294 780 496 819 Calendis:
529 793 551 818 a
569 781 695 819 Bruto
720 787 758 819 et
780 780 911 819 Cassio
935 780 1064 818 literas
1088 779 1223 818 missas
1253 780 1305 819 ad

182 834 397 873 consulares
423 841 459 873 et
484 835 700 886 praetorios;
729 841 774 873 ut
798 834 985 882 adessent,
1013 847 1158 885 rogare.
1188 834 1305 873 Sum-

183 901 292 927 mam
319 901 428 940 spem
450 889 693 937 nuntiabant,
721 888 816 936 fore,
848 896 893 927 ut
918 888 1116 926 Antonius
1141 888 1302 937 cederet,

182 956 242 981 res
274 943 505 991 conveniret,
539 943 659 981 nostri
685 943 855 981 Romam
882 943 1061 982 redirent.
1096 941 1304 981 Addebant

181 997 312 1045 etiam,
332 1010 396 1035 me
414 996 630 1044 desiderari,
651 995 902 1036 subaccusari.
940 996 1042 1045 Quae
1059 1009 1150 1035 cum
1175 996 1306 1035 audis-

183 1065 278 1100 sem,
300 1051 381 1089 sine
406 1051 488 1089 ulla
518 1051 755 1090 dubitatione
781 1050 903 1100 abjeci
928 1050 1131 1090 consilium
1157 1051 1305 1102 profec-

181 1105 308 1153 tionis,
325 1118 403 1157 quo
422 1105 671 1153 (mehercule)
691 1118 740 1144 ne
758 1112 870 1144 antea
884 1104 1041 1157 quidem
1060 1104 1288 1144 delectabar.

236 1159 364 1198 Lectis
382 1173 470 1198 vero
495 1160 570 1198 tuis
597 1159 730 1207 literis,
758 1159 968 1197 admiratus
993 1158 1171 1210 equidem
1198 1172 1304 1209 sum,

181 1221 219 1253 te
238 1221 317 1252 tam
332 1213 575 1252 vehementer
587 1213 813 1252 sententiam
826 1213 1107 1258 commutasse3
1127 1212 1208 1262 sed,
1228 1226 1307 1253 non

182 1269 263 1307 sine
281 1268 411 1315 causa,
425 1268 646 1307 arbitrabar.
675 1267 775 1314 Etsi,
792 1266 970 1319 quamvis
987 1279 1064 1305 non
1082 1266 1307 1319 fuerislsua-

183 1335 244 1361 sor
276 1329 314 1360 et
342 1322 530 1373 impulsor
553 1321 794 1373 profectionis
821 1334 932 1368 meae,
952 1322 1183 1372 approbator
1207 1330 1307 1362 certe

180 1376 303 1423 fuisti,
324 1375 536 1414 dummodo
555 1376 638 1414 Cal.
659 1376 751 1413 Jan.
776 1375 915 1413 Romae
933 1387 1067 1412 essem.
1095 1375 1158 1413 Ita
1174 1375 1304 1425 fiebat,

181 1438 240 1478 ut,
260 1430 356 1468 dum
374 1430 505 1468 minus
523 1429 683 1481 periculi
701 1428 906 1477 videretur,
926 1429 1112 1477 abessem,
1133 1429 1174 1467 in
1192 1430 1305 1469 flam-

180 1498 288 1523 mam
305 1497 432 1535 1psam
450 1496 631 1522 vemrem.

236 1538 312 1578 Sed
325 1539 421 1587 haec,
443 1537 593 1576 etiamsi
611 1550 689 1575 non
700 1536 920 1589 prudenter,
940 1543 1070 1575 tamen
1093 1553 1304 1587 ανεμεσητα

182 1600 300 1638 511111;
329 1593 516 1644 primum,
549 1591 653 1644 quod
681 1591 729 1630 de
760 1592 848 1630 mea
871 1590 1055 1629 sententia
1077 1599 1161 1630 acta
1185 1600 1300 1639 sunt3

181 1647 332 1694 deinde,
370 1646 518 1685 etiamsi
543 1654 580 1684 te
606 1653 771 1692 auctore,
802 1645 898 1697 quid
922 1645 1048 1694 debet,
1075 1645 1144 1697 qui
1180 1647 1304 1685 consi-

178 1702 278 1740 lium
297 1701 376 1749 dat,
391 1708 580 1752 praestare,
594 1708 732 1752 praeter
750 1700 866 1738 fidem
880 1700 898 1736 Ρ
928 1698 1035 1737 Illud
1049 1699 1230 1739 admirari
1245 1714 1305 1739 sa-

180 1756 230 1794 tis
249 1767 326 1794 non
344 1754 466 1806 potui,
483 1755 587 1806 quod
606 1754 786 1806 scripsisti
804 1754 863 1792 his
878 1754 1001 1792 verbis
1018 1769 1028 1792 ε
1061 1756 1089 1777 “
1109 1754 1213 1792 Veni
1230 1755 1304 1806 igi-

180 1817 245 1848 tul·
267 1817 324 1856 tu,
352 1809 421 1860 qui
446 1811 685 1846 ευθανασιανε
717 1808 828 1847 veni:
866 1808 1050 1860 relinquis
1074 1808 1239 1860 patriam
1254 1809 1302 1848 ?''

179 1864 250 1902 An
270 1877 340 1915 ego
365 1863 644 1914 relinquebam,
670 1872 737 1901 aut
764 1863 835 1901 tibi
852 1870 938 1901 tum
966 1863 1180 1914 relinquere
1198 1862 1305 1902 vide-

177 1920 248 1957 bar
260 1920 278 1956 ἓ
309 1918 376 1956 Tu
393 1917 434 1956 id
448 1928 526 1956 non
542 1916 659 1956 modo
675 1929 753 1956 non
771 1917 1013 1970 prohibebam,
1034 1929 1167 1956 verum
1187 1915 1304 1956 etiam

183 1973 435 2024 approbabas.

238 2026 424 2065 Graviora
456 2039 544 2078 quae
572 2031 727 2065 restant.
756 2028 784 2049 “
803 2025 937 2066 Velim
969 2032 1115 2078 σχολιον
1144 2024 1303 2077 aliquod

182 2080 315 2119 elimes
333 2079 383 2118 ad
399 2093 476 2127 me,
497 2080 709 2132 oportuisse
735 2088 773 2120 te
791 2080 888 2119 istuc
905 2080 1070 2119 facere.”
1099 2079 1225 2127 Itane,
1244 2079 1303 2117 mi

182 2134 314 2174 Attice
329 2136 348 2173 Ρ
382 2134 598 2173 defensione
628 2141 714 2186 eget
739 2148 873 2174 meum
899 2134 1060 2181 factum,
1089 2132 1302 2185 prasertim

182 2188 287 2241 apud
316 2195 369 2240 15,
399 2189 468 2242 qui
490 2188 532 2229 id
555 2188 780 2231 mirabiliter
804 2187 1024 2243 approbasti
1041 2190 1060 2227 ἰ)
1099 2187 1188 2239 Ego
1212 2200 1301 2227 vero
