1498 2401
205 127 285 165 400
476 124 554 164 DE
584 123 774 164 PETIT.
803 124 962 166 CONS.
995 127 1054 165 15.

202 233 356 272 nevolos
373 233 608 279 excitamus3
639 240 676 271 et
695 234 727 271 si
745 232 963 273 hominibus
979 233 1152 286 gratiosis
1171 234 1313 274 studio‘-

201 287 330 339 sisque
348 288 466 326 nostri
484 300 597 325 suum
612 287 749 339 cuique
766 299 908 326 munus
925 287 1170 326 describimus
1186 301 1198 333 ς
1229 296 1266 327 et
1283 290 1314 328 si

199 342 513 393 competitoribus
526 341 670 390 judicia
685 341 947 393 proponimus,
963 342 1214 393 sequestribus
1232 355 1313 381 me-

201 403 287 433 tum
318 395 524 444 injicimus,
544 395 721 433 divisores
750 395 894 433 ratione
915 395 1042 447 aliqu&
1069 400 1310 443 coe‘rcemus3

200 449 330 500 perfici
347 457 483 500 potest,
503 456 548 487 ut
564 448 713 500 largitio
731 455 798 487 aut
815 449 923 486 nulla
936 450 1016 498 fiat,
1043 459 1110 487 aut
1134 450 1231 488 nihi]
1245 463 1311 489 va-

199 503 288 541 leat.

252 556 347 595 XV.
378 555 475 595 Haec
494 564 596 603 sunt,
617 569 703 608 quae
727 556 859 608 putavi
877 569 953 595 non
979 557 1116 595 melius
1134 557 1227 596 scire
1247 570 1311 596 me

199 623 317 663 quam
336 617 386 656 te,
408 610 472 648 sed
495 610 655 656 facilius,
678 610 737 648 his
761 611 838 648 tuis
859 610 1182 661 occupationibus,
1203 612 1308 650 oolli-

199 677 287 716 gere
305 676 429 702 unum
448 664 487 702 in
506 664 634 702 locum
653 677 775 715 posse,
800 673 836 701 et
862 663 909 702 ad
934 672 971 702 te
989 663 1194 716 perscripta
1217 665 1307 703 mit-

198 727 289 757 tere.
319 717 420 765 Quae
444 717 595 756 tametsi
619 717 673 756 ita
692 718 831 768 scripta
860 725 962 763 sunt,
989 726 1033 755 ut
1058 729 1134 755 non
1153 718 1201 756 ad
1226 731 1310 756 om—

196 785 263 811 nes
282 772 349 824 qui
366 772 526 810 honores
544 779 687 823 petent,
705 771 769 809 sed
788 771 836 809 ad
855 778 892 809 te
909 771 1073 822 proprie,
1090 779 1128 809 et
1145 771 1193 809 ad
1210 771 1309 811 hanc

196 834 305 866 tuam
323 824 559 877 petitionem,
580 826 753 869 valeant,
743 839 752 848 ·
784 832 912 862 tamen
931 833 988 871 tu,
1004 825 1035 863 si
1049 824 1142 876 quid
1155 833 1310 863 mutan-

197 880 292 919 dum
326 892 404 918 osse
431 879 634 922 videbitur
660 886 727 917 aut
753 878 909 916 omnino
936 878 1163 925 tollendum,
1182 886 1250 917 aut
1277 879 1309 917 si

197 934 293 995 quid
318 933 389 971 erit
412 933 661 984 praeteritum,
691 932 820 980 velim,
846 932 918 970 hoc
941 932 1038 970 mihi
1064 932 1179 971 dicas.
1207 932 1309 972 Volo

195 986 299 1027 enim
316 986 389 1026 hoc
406 986 760 1025 commentariolum
775 986 966 1038 petitionis
975 986 1107 1027 haberi
1124 986 1231 1025 omni
1247 999 1309 1025 ra-

196 1042 299 1083 tione
317 1042 541 1093 perfectum.

316 1534 657 1566 EPISTOLARUM
688 1537 810 1566 ΤΟΜῙ
842 1538 1013 1567 TERTII
1043 1540 1187 1569 runs.

341 2206 557 2235 ExcUDI'r
591 2208 635 2236 T.
656 2209 878 2248 DAVISON,
910 2209 1132 2239 Loxmxr.
