1498 2401
218 154 299 199 378
464 153 546 192 ΑΙ)
576 151 842 191 BRUTUM.
869 152 1029 191 Ems'r.
1048 153 1114 191 21.

226 262 321 301 tatio
343 260 533 309 sollicitat,
553 274 641 312 quae
660 268 717 300 est
740 261 866 300 omnis
884 261 967 311 jam
985 260 1027 299 in
1046 267 1263 301 extremum
1281 263 1350 302 ad-

224 316 341 354 ducta
364 315 579 353 discrimen.
619 315 695 353 Est
713 315 816 353 enim
835 328 919 367 ’,Ῥω
937 314 1062 353 omnis
1079 315 1121 352 in
1139 316 1265 356 Bruto
1282 330 1350 356 ex-

225 369 429 422 pediendo,
450 369 498 407 de
517 382 594 420 quo
613 369 857 408 vehementer
875 369 1120 408 timebamus.

279 425 369 474 Ego
388 423 453 461 hic
479 436 569 461 cum
591 423 747 462 homine
765 423 907 461 furioso
926 423 1015 461 satis
1040 423 1163 462 habeo
1193 423 1351 475 negotii,

226 478 403 525 Servilio,
425 490 542 528 quem
570 478 643 515 tuli
661 477 820 526 diutius,
841 490 960 529 quam
986 477 1151 528 digmtas
1179 490 1266 516 mea
1282 491 1355 530 pa-

227 533 419 571 tiebatur:
451 531 517 570 sed
534 531 607 569 tuli
625 532 844 583 reipublicae
863 532 990 580 causa,
1010 543 1060 569 ne
1077 531 1210 570 darem
1227 533 1355 583 perdi-

228 587 278 625 tis
303 586 448 624 civibus
475 585 688 634 hominem,
708 599 847 637 pamm
878 598 1016 624 sanum
1045 585 1159 623 illum
1178 586 1354 637 quidem,

229 640 296 679 sed
315 647 445 678 tamen
463 639 648 687 nobilem,
669 653 746 691 quo
765 646 1054 677 concurrerent:
1085 639 1190 691 quod
1207 640 1354 680 faciunt

229 694 505 733 nihilominusz
536 693 601 731 sed
621 706 709 732 eum
730 693 976 732 alienandum
995 706 1019 731 a
1036 705 1077 731 re
1104 693 1259 744 publica
1276 707 1356 733 non

229 751 429 801 putabam.
470 748 609 786 Finem
634 748 707 786 feci
735 749 818 797 ejus
847 747 1005 785 ferendi.
1048 747 1224 798 Coeperat
1250 748 1355 787 enim

233 816 312 842 esse
341 801 447 840 tanta
473 802 690 849 insolentia,
711 810 756 840 ut
780 801 977 839 neminem
1003 801 1170 839 liberum
1189 801 1354 841 duceret.

234 858 285 896 In
305 857 439 895 Planci
458 868 546 894 vero
564 857 679 894 causa
697 856 836 894 exarsit
853 855 1067 894 incredibili
1088 855 1245 902 dolore3
1274 869 1357 896 me-

233 924 402 963 cumque
430 910 596 948 biduum
618 910 674 948 ita
698 909 907 957 contendit,
928 917 966 948 et
991 923 1015 948 a
1042 922 1106 948 me
1131 909 1185 948 ita
1212 910 1357 965 fractus

234 974 306 1010 est,
323 973 367 1003 ut
384 977 473 1003 eum
493 964 534 1001 in
560 972 791 1016 perpet-uum
809 963 1077 1002 modestiorem
1096 976 1245 1016 sperem
1263 965 1356 1004 fore.

288 1023 438 1071 Atque,
458 1019 497 1056 in
527 1019 599 1056 hac
618 1019 858 1057 contentione
876 1018 975 1070 ipsa,
995 1031 1086 1056 cum
1104 1019 1275 1058 maxime
1299 1033 1359 1058 τω

235 1082 423 1126 ageretur,
444 1087 478 1111 a.
499 1072 537 1110 d.
558 1073 597 1111 V
617 1073 711 1112 Idus
726 1072 894 1125 Apriles,
913 1072 1033 1110 literae
1050 1072 1148 1110 mihi
1165 1073 1206 1111 in
1225 1080 1361 1113 senatu

234 1128 394 1168 redditae
413 1134 537 1166 sunta
556 1127 726 1166 Lentulo
744 1135 887 1175 nostro,
908 1127 956 1165 de
975 1126 1120 1174 Cassio,
1140 1127 1188 1166 de
1200 1128 1361 1179 legioni-

235 1185 323 1231 bus,
340 1182 387 1220 de
399 1182 535 1234 Syria:
566 1195 662 1233 quas
681 1181 810 1220 statim
829 1194 918 1220 cum
937 1181 1206 1229 recitavissem,
1227 1182 1361 1221 cecidit

238 1237 436 1285 Servilius,
471 1236 685 1286 complures
706 1243 910 1288 praeterea:
942 1242 1032 1274 sunt
1063 1235 1167 1273 enim
1191 1236 1360 1288 insignes

238 1292 399 1342 aliquot,
421 1291 489 1342 qui
505 1290 788 1341 improbissime
806 1290 998 1328 sentiunt:
1030 1289 1096 1328 sed
1124 1290 1362 1329 acerbissime

240 1346 330 1384 tulit
349 1345 547 1391 Servilius,
563 1358 762 1383 assensum
782 1357 860 1382 esse
877 1343 976 1382 mihi
993 1343 1041 1382 de
1059 1344 1216 1382 Planco.
1244 1345 1363 1397 Mag-

239 1413 337 1438 num
356 1399 454 1438 illud
468 1407 685 1438 monstrum
701 1399 741 1436 in
761 1398 957 1450 republica
971 1405 1028 1437 est
1048 1400 1070 1421 ⁸
1102 1397 1125 1419 ⁸
1157 1400 1179 1422 ⁸

590 1456 746 1492 Desunt
764 1455 925 1503 reliqua.

425 1637 544 1692 (21.)
574 1637 806 1677 BRUTUS
835 1636 1118 1678 CICERONI
1145 1638 1186 1678 S.

302 1785 452 1824 Literas
480 1791 566 1823 tuas
597 1784 708 1823 valde
738 1792 930 1836 exspecto,
964 1798 1060 1836 quas
1085 1784 1264 1837 scripsisti
1284 1794 1370 1838 post

247 1840 401 1878 nuntios
419 1849 635 1878 nostrarum
648 1853 792 1887 rerum,
809 1848 846 1877 et
860 1839 907 1877 de
921 1848 1044 1878 morte
1063 1839 1271 1878 Trebonii:
1293 1853 1371 1879 non

247 1895 351 1933 enim
362 1894 511 1940 dubito,
528 1894 622 1946 quin
639 1893 738 1931 mihi
751 1894 952 1932 consilium
966 1902 1079 1932 tuum
1094 1894 1272 1945 explices.
1303 1893 1372 1932 In-

248 1949 366 2000 digno
385 1949 521 1987 scelere
533 1956 570 1986 et
587 1948 709 1986 civem
721 1948 914 1999 optimum
929 1947 1142 1995 amisimus,
1163 1956 1201 1986 et
1219 1949 1373 1999 provin-

248 2005 316 2042 ciae
335 2003 567 2054 possessione
591 2002 742 2053 depulsi
765 2015 914 2050 summ,
944 2015 1064 2054 quam
1082 2003 1297 2053 recuperari
1314 2003 1373 2041 fa-

249 2058 320 2096 cile
342 2064 411 2095 oet.
442 2057 583 2108 Neque
607 2056 737 2094 minus
755 2064 866 2108 turpe
884 2064 953 2095 aut
976 2056 1209 2107 flagitiosum
1236 2057 1322 2106 erit,
1342 2058 1374 2097 si

251 2119 390 2163 potest,
410 2123 489 2149 non
507 2110 733 2162 recuperari.

306 2165 505 2204 Antonius
523 2164 650 2203 adhuc
668 2172 725 2202 &st
749 2164 973 2204 nobiscum:
1005 2164 1070 2204 sed
1100 2163 1269 2216 (medius
1287 2165 1372 2204 fidi-

252 2218 316 2269 us)
339 2227 376 2258 et
394 2232 548 2258 moveor
565 2218 733 2258 hominis
752 2219 941 2271 precibus,
969 2227 1006 2258 et
1034 2219 1164 2266 timeo,
1186 2232 1234 2257 ne
1258 2219 1371 2258 illum
