1513 2370
341 51 425 90 AD
453 53 738 93 ATTICUM.
768 53 868 92 Lm.
887 53 989 92 XII.
1022 52 1090 90 23.
1204 51 1281 96 117

163 157 258 209 quin
281 158 396 197 etiam
421 172 525 199 nunc
552 161 702 200 molesti
731 168 831 200 sunt.
872 160 980 209 Quid
1009 160 1219 209 existimas,
1246 159 1279 198 si

163 223 299 250 venero
310 212 328 250 Ρ

217 264 282 304 De
300 266 484 306 Terentia
500 267 555 306 ita
578 281 682 318 cura,
707 275 751 307 ut
780 268 936 315 scribis3
965 281 1105 320 meque
1130 267 1203 306 hac
1228 266 1279 305 ad

161 319 354 359 maximas
373 322 616 372 aegritudines
628 323 834 362 accessione
845 335 950 361 nunc
961 322 1134 361 maxims
1144 322 1277 360 libera.

162 372 230 420 Et,
250 381 296 412 ut
323 374 416 413 scias
435 388 498 414 me
516 376 570 414 ita
588 376 727 425 dolere,
755 384 800 415 ut
826 389 904 415 non
927 377 1102 426 jaceam3
1134 376 1276 427 quibus

162 428 381 467 consulibus
402 429 616 469 Carneades
644 438 681 469 et
706 444 750 470 ea
772 431 911 482 legatio
929 431 1098 469 Romam
1117 428 1277 476 venerit,

162 481 346 533 scriptum
366 490 421 521 est
448 484 489 521 in
508 492 575 522 tuo
600 485 741 523 annali.
772 485 870 523 Haec
884 497 987 523 nunc
1006 496 1161 535 quaero:
1190 496 1279 534 quae

161 547 274 574 causa
286 536 401 575 fuerit
414 538 432 574 ?
460 538 507 576 de
525 538 673 590 Oropo,
693 539 827 591 opinor
843 553 855 582 ;
877 538 943 578 sed
961 546 1106 577 certum
1124 537 1274 575 nescio:

158 596 209 636 et,
226 591 258 628 si
285 590 339 628 ita
365 598 435 638 est,
466 606 553 643 quae
580 593 841 631 controversiae
855 593 873 630 ?
903 593 1104 640 Praeterea,
1137 590 1205 642 qui
1234 603 1280 628 eo

159 649 328 696 tempore
355 645 492 684 nobilis
510 646 725 698 Epicureus
744 647 859 685 fuerit
877 646 1058 693 Athenis,
1089 645 1156 696 qui
1180 657 1278 695 prae-

156 697 272 737 fuerit
289 699 434 746 hortis;
464 700 532 751 qui
546 701 662 739 etiam
681 701 845 739 Athenis
862 708 1044 738 πολιτικοι
1063 698 1205 737 fuerint
1229 698 1277 735 il-

159 752 323 800 lustres3
353 767 440 806 quae
458 761 495 793 te
514 754 629 793 etiam
648 768 696 794 ex
714 754 943 807 Apollodori
969 760 1065 805 puto
1089 765 1199 805 posse
1216 751 1278 789 in-

159 818 298 846 venire.

213 860 276 899 De
292 861 441 913 Attice,
460 863 691 910 molestum,
713 863 790 912 sed,
812 862 994 915 quoniam
1011 861 1158 910 leviter,
1178 867 1279 899 recte

159 926 239 952 esse
265 916 425 955 confido.
467 917 530 956 De
557 917 722 956 Gamala
746 918 910 956 dubium
936 916 1035 954 mihi
1063 928 1141 954 non
1171 921 1250 953 erat
1263 928 1275 952 τ

159 968 262 1007 unde
281 970 383 1008 enim
402 978 483 1009 tam
501 970 594 1009 felix
614 972 736 1023 Ligus
754 979 863 1023 pater
876 973 894 1010 Ρ
916 971 1020 1008 Nam
1041 969 1135 1021 quid
1153 968 1200 1007 de
1213 981 1279 1006 me

161 1021 300 1070 dicam,
317 1024 378 1062 cui
395 1033 440 1064 ut
453 1025 583 1064 onmia
596 1026 830 1077 contingant,
845 1038 932 1076 quae
943 1024 1042 1073 volo,
1062 1023 1180 1063 levari
1197 1035 1274 1060 non

159 1089 313 1127 possum
325 1078 343 1114 Ρ

214 1129 277 1168 De
296 1131 416 1170 Drusi
439 1133 571 1183 hortis,
593 1134 728 1185 quanti
752 1133 901 1172 licuisse
919 1140 962 1170 tu
982 1131 1125 1179 scribis,
1145 1130 1186 1169 id
1205 1143 1276 1181 ego

160 1197 314 1236 quoque
328 1187 548 1233 audierame,
579 1196 629 1236 et,
650 1196 694 1226 ut
721 1188 868 1239 opinor,
888 1186 970 1224 heri
988 1186 1038 1223 ad
1055 1192 1093 1224 te
1118 1185 1276 1236 scripse-

159 1251 267 1276 ram:
299 1240 377 1287 sed,
399 1242 534 1292 quanti
553 1242 700 1294 quanti,
720 1244 818 1280 bene
845 1240 985 1278 emitur
1004 1239 1108 1290 quod
1126 1251 1276 1278 necesse

159 1299 227 1330 est.
258 1293 377 1343 Mihi,
393 1308 549 1346 quoquo
560 1296 675 1334 modo
687 1304 729 1334 tu
744 1295 952 1342 existimas,
974 1293 1066 1337 (scio
1085 1293 1187 1331 enim
1207 1305 1278 1344 ego

159 1346 255 1398 ipse,
275 1347 370 1398 quid
396 1349 443 1387 de
461 1362 525 1388 me
543 1350 775 1391 existimem)
794 1348 932 1387 levatio
958 1347 1135 1399 quaedam
1155 1355 1223 1394 est,
1244 1346 1276 1384 si

158 1400 288 1439 minus
316 1401 468 1452 doloris,
498 1411 537 1442 at
564 1404 678 1442 officii
706 1403 837 1442 debiti.
880 1402 945 1440 Ad
971 1401 1098 1439 Sicani
1131 1400 1275 1452 scripsi,

160 1454 264 1506 quod
283 1455 406 1494 utitur
424 1457 472 1494 L.
488 1458 613 1496 Cotta.
644 1458 685 1497 Si
700 1458 798 1495 nihil
812 1456 1055 1495 conficeretur
1069 1455 1116 1493 de
1132 1455 1278 1493 Trans-

158 1509 342 1557 tiberinis,
362 1510 478 1550 habet
503 1512 544 1550 in
564 1512 734 1551 Ostiensi
752 1512 878 1561 Cotta,
908 1509 1151 1548 celeberrimo
1178 1509 1276 1556 loco,

159 1563 227 1601 sed
244 1563 431 1616 pusillum
454 1566 551 1604 loci:
583 1566 632 1604 ad
649 1566 748 1605 hanc
773 1578 855 1604 rem
882 1572 1012 1603 tamen
1043 1563 1132 1615 plus
1161 1563 1276 1602 etiam

158 1617 259 1656 satis.
288 1617 352 1666 Id,
378 1619 505 1667 velim,
530 1620 695 1671 cogites:
726 1632 796 1658 nec
813 1627 942 1657 tamen
961 1618 1033 1655 ista
1050 1616 1172 1668 pretia
1188 1617 1278 1654 hor-

157 1678 286 1709 torum
303 1673 556 1723 pertimueris.
587 1675 674 1713 Nec
690 1674 788 1712 mihi
803 1675 886 1724 jam
911 1679 1067 1723 argento
1086 1684 1156 1709 nec
1174 1678 1278 1709 veste

158 1738 256 1776 opus
274 1733 343 1774 est,
363 1739 433 1766 nec
461 1729 722 1781 quibusquam
750 1727 909 1766 amoenis
933 1726 1048 1765 locis:
1078 1725 1151 1763 hoc
1179 1738 1277 1776 opus

159 1786 226 1817 est.
256 1779 381 1819 Video
401 1781 530 1832 etiam,
546 1796 570 1821 a
590 1783 730 1834 quibus
749 1780 923 1832 adjuvari
940 1779 1094 1832 possim.
1124 1779 1200 1818 Sed
1218 1779 1277 1817 lo-

159 1846 275 1884 que1e
303 1847 392 1874 cum
412 1834 530 1875 Silio:
560 1837 658 1874 nihil
686 1836 789 1875 enim
814 1843 871 1874 est
897 1835 1045 1872 melius.
1086 1833 1277 1871 Mandat-i

158 1887 274 1926 etiam
302 1889 409 1928 Sicae.
455 1890 676 1943 Rescripsit,
703 1890 951 1930 constitutum
971 1902 1009 1927 se
1031 1900 1119 1927 cum
1143 1900 1186 1925 eo
1205 1886 1276 1924 ha-

156 1942 257 2034 ξεῖ-ξ.
286 1943 434 1983 Scribat
450 1943 567 1997 igitur
578 1945 629 1984 ad
642 1957 719 1997 me,
733 1944 828 1998 quid
842 1943 959 1996 egerit
971 1956 984 1990 ς
1006 1951 1043 1981 et
1058 1940 1142 1994 [ut]
1156 1948 1198 1980 tu
1215 1941 1272 1979 vi-

183 2007 202 2033 e
229 2009 273 2035 is.
