1467 2401
329 88 412 128 AD
442 89 729 128 ATTICUM.
759 89 859 128 Lm.
890 90 944 129 X.
974 92 1011 128 8.
1186 93 1241 129 53

112 198 280 239 cladem!
302 211 380 251 quo
393 198 510 237 modo
524 197 750 237 domesticas
764 199 898 238 tricas!
921 206 1090 251 quantus
1109 206 1241 239 autem

111 253 266 293 animus
297 254 338 292 in
369 252 534 292 discessu
565 260 694 292 nostro
711 253 720 290 Ξ
753 253 811 292 Sit
834 268 987 303 στσργη,
1011 253 1059 291 sit
1087 266 1242 293 summa

115 309 260 357 cnm-2751
266 322 305 351 c:
336 315 465 346 tamen
480 319 549 345 nos
564 316 663 345 recte
680 307 804 346 facere
823 314 860 345 et
877 308 976 345 bene
991 308 1123 346 audire
1142 309 1240 347 vult.

113 360 190 400 Sed
207 361 279 400 hac
308 375 423 414 super
441 375 482 400 re
499 361 643 408 nimis;
674 374 722 400 ne
747 374 877 400 meam
901 361 983 413 ipse
1015 362 1238 411 συμπαθειαν

107 416 191 465 jam
211 428 375 455 evocem.

167 467 246 519 Tu,
266 470 298 508 si
317 470 412 522 quid
427 470 475 509 de
490 470 692 522 Hispaniis
710 470 861 518 certius,
883 477 920 508 et
939 470 971 508 si
999 469 1094 521 quid
1114 469 1236 518 aliud,

112 522 207 562 dum
221 524 420 575 adsumus,
441 525 600 563 scribes:
624 532 660 562 et
675 538 745 576 ego
759 525 915 563 fortasse
930 524 1123 562 discedens
1138 524 1239 563 dabo

113 577 162 616 ad
184 585 221 616 te
240 579 415 630 aliquid;
447 592 490 617 eo
517 580 632 618 etiam
658 579 796 630 magis,
818 578 922 631 quod
950 578 1086 616 Tullia
1105 586 1141 617 te
1160 590 1239 617 non

110 633 273 685 putabat
291 633 363 672 hoc
381 640 553 686 tempore
572 646 619 672 ex
639 632 766 671 Italia.

165 687 268 726 Cum
289 688 461 726 Antonio
492 689 586 726 item
611 695 666 726 est
696 687 904 739 agendum,
935 694 980 725 ut
1015 700 1103 726 cum
1125 687 1239 726 Curi-

110 753 197 790 one,
219 741 369 779 Melitae
386 755 451 780 me
470 743 561 780 velit
580 755 672 790 esse,
688 742 780 780 huic
799 742 900 780 bello
919 742 1021 779 nolle
1047 742 1239 781 interesse.

110 795 173 834 Eo
192 795 307 834 velim
326 803 407 834 tam
425 796 530 835 facili
547 797 606 834 uti
634 809 801 847 possem,
823 804 860 834 et
879 804 959 833 tam
979 797 1080 834 bono
1099 796 1140 833 in
1160 809 1237 844 me,

112 862 231 900 quam
252 850 431 889 Curione.
465 851 506 889 Is
530 850 578 888 ad
597 851 799 889 Misenum
813 851 877 888 VI
899 850 1035 888 Nonas
1055 858 1239 888 venturus

110 903 321 952 dicebatur,
342 905 383 942 id
410 912 466 943 est
488 905 629 943 hodie:
661 905 726 943 sed
750 904 937 956 praemisit
958 904 1056 942 mihi
1085 904 1235 943 odiosas

111 957 253 1006 literas,
270 959 343 997 hoc
362 959 564 1011 exemplo:

114 1100 367 1149 “Antonius,
390 1103 499 1140 Trib.
517 1103 626 1140 Pleb.
644 1104 839 1153 Propraet.
860 1103 1056 1149 Ciceroni,
1071 1103 1178 1152 Imp.
1196 1101 1238 1140 S.

165 1235 194 1257 “
215 1232 306 1272 Nisi
330 1240 368 1272 te
398 1233 509 1272 valde
533 1246 718 1281 amarem,
750 1242 787 1273 et
818 1234 943 1272 multo
974 1233 1132 1285 quidem
1150 1233 1240 1285 plus

107 1301 231 1341 quam
250 1295 294 1326 tu
312 1295 440 1339 putas,
469 1299 548 1326 non
577 1289 840 1326 extimuissem
869 1301 1078 1335 rumorem,
1106 1288 1175 1339 qui
1193 1287 1242 1326 de

111 1351 149 1382 te
167 1342 338 1395 prolatus
357 1349 427 1391 est,
448 1355 538 1380 cum
557 1342 766 1394 praesertim
786 1343 928 1381 falsum
949 1355 1029 1381 esse
1047 1342 1243 1380 existima-

111 1410 207 1436 rem.
238 1396 328 1446 Sed,
349 1396 442 1448 quia
455 1404 493 1435 te
506 1396 627 1436 nimio
638 1398 727 1449 plus
742 1397 874 1449 diligo,
895 1409 970 1435 non
987 1409 1144 1448 possum
1164 1396 1240 1435 dis-

111 1451 307 1512 simulare,
338 1451 437 1488 mihi
461 1451 608 1490 famam
640 1465 810 1504 quoque,
843 1453 1020 1504 quamtis
1053 1451 1100 1489 sit
1130 1450 1240 1498 falsa,

112 1505 249 1558 magni
267 1518 357 1544 esse.
389 1506 477 1543 Te
466 1514 614 1544 1turum
634 1513 738 1544 trans
757 1519 877 1555 mare,
899 1505 1049 1544 credere
1063 1517 1140 1543 non
1152 1518 1241 1556 pos-

113 1574 217 1608 sum,
238 1572 328 1598 cum
347 1560 445 1598 tanti
463 1560 579 1599 fac-ias
592 1560 854 1609 Dolabellam,
876 1568 914 1599 et
925 1560 1096 1599 Tulliam
1115 1568 1239 1607 tuam,

114 1615 297 1654 feminam
336 1614 597 1663 lectissimam,
627 1615 802 1667 tantique
835 1617 883 1653 ab
916 1614 1096 1652 omnibus
1132 1613 1242 1652 nobis

115 1669 210 1715 fias3
240 1669 382 1721 quibus
398 1669 650 1720 (mehercule)
677 1669 844 1731 dignitas
864 1669 1156 1720 amplitudoque
1176 1677 1244 1706 tua

115 1737 225 1785 paene
243 1723 364 1762 carior
382 1731 452 1771 est,
472 1736 592 1775 quam
610 1723 709 1762 tibi
699 1737 709 1762 1
713 1737 784 1776 ps1
814 1725 890 1764 Sed
909 1732 1038 1761 tamen
1057 1735 1134 1761 non
1155 1734 1243 1760 sum

112 1778 322 1818 arbitratus
337 1790 417 1816 esse
430 1778 558 1826 amici,
579 1790 658 1816 non
677 1778 909 1817 commoveri
920 1778 1037 1816 etiam
1048 1777 1244 1829 improbo-

116 1845 204 1871 rum
220 1845 420 1871 sermone:
451 1839 567 1884 atque
582 1845 626 1871 eo
643 1832 717 1872 feci
736 1833 957 1895 studiosius,
978 1831 1084 1883 quod
1094 1831 1246 1881 judica-

117 1888 225 1936 bam,
245 1886 415 1925 duriores
441 1895 569 1938 partes
592 1887 692 1925 mihi
718 1887 916 1940 impositas
949 1899 1028 1925 esse
1054 1887 1102 1924 ab
1125 1885 1244 1924 offen-

116 1941 223 1980 sione
241 1941 387 1990 nostra,
408 1955 496 1993 quae
513 1941 638 1992 magis
657 1955 680 1980 a
710 1944 908 1989 ζηλοτυπιᾳ
933 1954 1036 1987 mea,
1056 1953 1175 1992 quam
1194 1940 1245 1978 ab

118 1995 262 2044 injuria
274 2002 313 2032 tu
318 2009 354 2042 a,
367 2003 458 2033 nata
472 2003 538 2034 est.
569 1996 632 2035 Sic
645 1996 749 2034 enim
764 1996 850 2035 voIo
864 2003 902 2034 te
915 1995 986 2034 tibi
1004 1994 1244 2046 persuadere,

117 2049 217 2087 mihi
230 2049 424 2088 neminem
439 2063 518 2088 esse
529 2050 711 2088 cariorem
726 2058 778 2099 te,
796 2058 953 2102 excepto
972 2048 1122 2088 Caesare
1133 2060 1241 2091 meo;

118 2115 260 2154 meque
278 2103 378 2141 iuud
397 2103 473 2142 unzi
494 2104 680 2154 judicare,
703 2103 897 2144 Caesarem
916 2103 1087 2142 maxime
1104 2102 1146 2140 in
1165 2100 1244 2140 suis

115 2156 178 2195 M.
199 2157 421 2196 Ciceronem
439 2170 632 2210 reponere.

170 2213 199 2234 ‘⁵
219 2211 366 2261 Quare,
386 2212 442 2251 mi
469 2213 615 2264 Cicero,
639 2220 674 2253 te
693 2226 799 2266 rogo,
831 2220 874 2253 ut
904 2212 974 2251 tibi
994 2211 1125 2251 omnia
1143 2209 1242 2248 inte-

889 2279 914 2305 F
939 2269 964 2304 :5
