1513 2370
338 81 422 119 AD
450 80 734 119 ATTICUM.
763 79 863 117 11113.
884 79 986 117 XII.
1012 80 1073 117 15.
1192 79 1265 118 109

151 189 319 241 profecto
337 196 425 228 ante
451 202 515 227 me
533 200 660 236 nemo,
686 195 732 226 ut
748 188 832 239 ipse
859 200 922 225 me
946 200 1014 238 per
1035 187 1163 226 literas
1182 199 1271 226 con-

152 243 321 281 solarer:
351 256 468 294 quem
496 242 641 281 librum
673 241 722 280 ad
747 249 785 279 te
813 241 980 289 mittam,
1007 241 1039 279 si
1066 241 1273 294 descripse-

151 296 230 335 rint
244 296 403 335 librarii.
432 296 601 335 Affirmo
613 295 698 344 tibi,
717 295 870 334 nullam
883 295 1181 334 consolationem
1194 308 1275 334 esse

153 351 282 388 talem.
313 351 434 389 Totos
452 351 532 389 dies
552 350 702 396 scribo,
691 364 701 374 ·
733 361 811 387 non
830 362 908 400 quo
933 348 1131 400 proficiam
1150 349 1272 400 quid,
1260 363 1271 373 ·

150 404 220 443 sed
238 405 422 456 tantisper
439 404 641 455 impedior,
657 416 735 441 non
754 402 934 464 equidem
949 403 1053 449 satis,
1076 403 1151 455 (vis
1170 403 1274 442 enim

152 457 313 519 urget)·
301 488 313 505 ,
342 459 408 497 sed
427 459 576 497 relaxor
600 464 744 505 tamen,
765 457 971 508 omniaque
990 457 1104 505 nitor,
1125 469 1203 494 non
1226 458 1275 495 ad

151 513 343 560 animum,
365 512 430 551 sed
452 513 502 550 ad
520 512 705 550 vultum'
695 524 839 562 1psum,
867 511 899 549 si
929 523 1084 562 queam,
1105 510 1275 550 reficien-

152 566 278 612 dum;
309 567 426 618 idque
443 566 600 614 faciens,
628 565 824 603 interdum
843 565 941 602 mihi
959 577 1112 616 peccare
1130 565 1274 614 videor,

153 595 350 659 interdum
378 627 600 672 peccaturus
620 632 712 668 esse,
732 618 806 657 nisi
829 618 980 656 faciam.
1013 618 1188 657 Solitudo
1206 619 1277 657 ali-

156 673 252 726 quid
281 674 466 724 adjuvat;
496 673 563 712 sed
591 674 714 711 multo
739 673 827 725 plus
853 672 1063 724 proficeret,
1088 672 1121 710 si
1146 680 1189 710 tu
1218 680 1278 711 ta-

157 741 248 766 men
272 728 495 767 interesses·
526 741 614 779 quae
641 727 739 765 mihi
768 739 847 764 una
871 739 984 765 causa
1006 734 1063 765 est
1086 726 1176 765 111116
1200 726 1278 765 dis-

158 782 327 820 cedendi.
358 783 480 831 Nam,
514 794 584 833 pro
614 781 742 830 malis,
776 788 875 819 recte
904 781 1097 819 habebat:
1139 794 1278 832 quam-

155 849 276 888 quam
294 836 423 888 ipsum
442 836 551 875 doleo
568 850 578 874 ε
609 848 685 873 11011
705 834 809 873 6111111
833 836 918 884 jam
936 834 977 872 in
995 848 1059 873 me
1076 834 1179 873 idem
1198 848 1278 874 esse

156 890 308 942 poteris.
338 891 540 929 Perierunt
556 890 637 938 illa,
658 902 746 940 quae
763 890 930 926 amabas.

213 943 276 982 De
302 944 418 983 Bruti
441 944 491 982 ad
514 957 578 982 me
595 943 713 982 literis
732 942 865 994 scripsi
893 942 943 980 ad
961 949 999 981 te
1017 950 1155 981 antea:
1185 956 1279 995 pru-

156 998 290 1036 denter
309 999 457 1050 scriptae
473 1012 484 1036 :
516 998 582 1036 sed
598 997 710 1045 nihil,
726 1009 803 1048 quo
817 1009 880 1034 me
894 996 1129 1046 adjuvarent.
1160 998 1279 1046 Quod

158 1052 210 1090 ad
234 1060 272 1091 te
293 1052 456 1103 scripsit,
476 1052 518 1091 id
541 1052 695 1099 vellem,
714 1058 759 1089 ut
777 1050 857 1102 ipse
876 1050 1047 1089 adesset:
1078 1059 1177 1090 certe
1208 1053 1280 1090 ali-

157 1107 268 1158 quid,
290 1107 473 1158 quoniam
491 1119 555 1145 me
566 1113 646 1143 tam
660 1104 770 1143 valde
784 1111 902 1151 amat,
919 1104 1129 1154 adjuvaret.
1161 1105 1279 1153 Quod

158 1161 192 1198 si
211 1160 305 1212 quid
333 1160 439 1207 scies,
460 1160 599 1199 scribas
626 1159 675 1197 ad
696 1171 761 1197 me
789 1159 917 1207 velim,
938 1159 1109 1197 maxime
1133 1167 1277 1208 autem,

160 1215 289 1252 Pansa
308 1214 474 1265 quando.
504 1213 568 1252 De
583 1212 728 1260 Attica,
749 1212 881 1251 doleo:
913 1212 1023 1250 credo
1041 1220 1170 1251 tamen
1185 1213 1281 1252 Cra-

158 1276 250 1307 tero.
281 1268 423 1306 Piliam
445 1268 536 1319 angi
564 1274 673 1306 veta:
704 1267 794 1306 satis
821 1265 953 1304 solitus
971 1279 1010 1305 es
1036 1279 1192 1306 moerere
1210 1281 1280 1320 pro

159 1323 352 1361 omnibus.

380 1483 490 1538 (15.)
523 1483 737 1524 CICERO
764 1484 985 1524 ATTICO
1014 1485 1055 1524 S.

215 1592 336 1644 Apud
364 1593 595 1645 Apuleium,
636 1593 839 1645 (quoniam
871 1593 912 1630 in
941 1601 1171 1646 perpetuum
1203 1608 1281 1634 non

163 1647 307 1700 placet)
330 1647 371 1685 in
391 1648 470 1686 dies
488 1655 533 1686 ut
551 1660 720 1696 excuser,
737 1647 894 1686 videbis.
924 1646 973 1685 In
991 1648 1062 1687 hac
1081 1649 1284 1688 solitudine

162 1714 271 1741 careo
297 1701 471 1740 omnium
494 1701 710 1752 colloqui03
740 1714 907 1753 cumque
927 1715 1042 1741 mane
1066 1715 1129 1741 me
1154 1704 1195 1741 in
1220 1704 1286 1743 sil-

163 1769 254 1795 vam
273 1756 437 1794 abstrusi
455 1756 612 1794 densam
632 1764 669 1794 et
687 1769 874 1807 asperam,
894 1768 972 1794 non
987 1769 1080 1795 exeo
1093 1757 1182 1796 inde
1197 1765 1286 1796 ante

162 1823 380 1861 vesperum.
411 1809 632 1849 Secundum
651 1817 702 1859 te,
716 1810 815 1848 nihil
833 1817 888 1848 est
907 1810 1005 1848 mihi
1019 1812 1178 1850 amicius
1197 1812 1286 1850 soli-

165 1864 311 1903 tudine.
342 1864 391 1902 In
427 1864 473 1902 ea
501 1864 600 1902 mihi
624 1864 747 1902 omnis
784 1876 907 1903 sermo
939 1872 994 1902 est
1023 1878 1112 1903 cum
1138 1866 1282 1904 literis:

165 1931 257 1957 eum
286 1925 416 1957 tamen
445 1918 660 1970 interpellat
684 1919 822 1957 fletus:
853 1918 916 1957 cui
944 1931 1129 1970 repugno,
1156 1920 1286 1972 quoad

165 1985 352 2024 possum:
383 1972 449 2011 sed.
480 1972 605 2011 adhuc
636 1985 746 2024 pares
777 1985 855 2011 non
887 1985 1033 2011 sumus.
1063 1974 1187 2013 Bruto
1222 1975 1285 2026 (ut

166 2025 321 2076 suades)
357 2026 572 2065 rescribam.
601 2026 681 2066 Eas
713 2027 840 2067 literas
869 2039 950 2066 cras
980 2027 1165 2068 habebis:
1195 2041 1285 2068 cum

164 2080 237 2119 erit
254 2081 317 2122 cui
335 2080 416 2130 des,
435 2080 555 2120 dabis.

222 2253 389 2303 (Epist.)
411 2263 516 2291 vot.
539 2263 611 2289 111.
989 2263 1014 2289 L
