1498 2401
309 102 392 142 AD
421 72 685 141 BRUTUM.
716 101 876 140 Emsr.
900 101 964 140 12.
1118 98 1196 141 357

71 221 193 259 quam
213 207 331 249 videri
349 219 416 249 aut
434 218 585 250 coactus
608 223 687 249 esse
708 209 911 262 pecuniam
935 207 1040 254 dare,
1060 213 1128 244 aut
1145 205 1199 243 li-

75 264 207 301 benter
227 263 375 303 dedisse
398 265 547 302 homini
564 265 799 316 nequissimo
823 272 940 314 atque
959 259 1197 312 improbissi-

75 328 141 354 mo
156 330 168 362 3
197 316 230 355 is
247 319 357 357 nobis
376 319 478 356 ultro
497 327 534 357 et
552 319 742 369 pollicitus
751 326 820 365 est,
837 326 873 355 et
884 316 1004 360 dedit,
1026 315 1098 354 HS
1110 312 1197 351 XX

77 381 127 407 ex
137 371 207 408 sua
223 372 410 422 pecunia:
442 380 479 410 et
499 373 622 425 (quod
641 372 764 410 multo
783 370 905 410 carius
920 369 993 419 est)
1015 382 1054 407 se
1068 369 1199 420 ipsum

77 424 218 462 obtulit
235 433 273 463 et
291 427 502 476 conjunxit.

132 477 239 516 Huic
256 481 481 531 persuadere
499 480 698 532 coepimus,
726 486 770 517 ut
787 479 994 530 imperator
1011 477 1052 515 in
1071 475 1202 514 castris

77 541 303 582 remaneret,
348 548 507 586 remque
546 534 743 586 publicam
780 532 1009 570 defenderet.
1060 529 1204 570 Statuit

78 586 251 624 eundum
276 588 362 637 sibi,
383 589 568 640 quoniam
589 588 798 626 exercitum
816 585 1039 624 dimisisset:
1073 583 1205 622 statim

79 653 167 679 vero
180 641 395 680 rediturum
409 642 458 680 ad
469 655 538 681 nos
551 641 801 688 confirmavit,
814 640 1003 691 legatione
1014 638 1202 689 suscepta,

79 694 154 732 nisi
171 702 380 745 praetorum
392 697 545 734 comitia
560 696 730 734 habituri
744 704 866 733 essent
879 693 1061 732 consules.
1092 693 1128 730 N
1137 704 1202 729 am

78 747 136 785 illi
154 748 208 786 ita
227 750 401 788 sentienti
420 750 467 788 de
485 763 525 788 re
550 749 703 802 publicai
728 760 959 800 magnopere
978 754 1109 784 auctor
1126 745 1199 792 fui,

78 814 128 840 ne
146 802 312 841 differret
324 812 476 855 tempus
490 804 683 856 petitionis
698 817 788 841 suae.
818 803 941 851 Cujus
955 800 1102 838 factum
1117 812 1205 837 om-

78 856 193 894 nibus
211 866 366 908 gratum
395 872 474 896 esse
499 859 623 907 debet,
651 858 720 909 qui
744 856 859 894 modo
881 855 1070 905 judicant,
1098 853 1204 891 hunc

78 911 290 957 exercitum
309 925 387 950 esse
405 913 652 964 reipublicae3
683 911 754 949 tibi
772 918 877 948 tanto
896 909 1054 960 gratius,
1076 919 1200 959 quan-A

79 971 119 1002 to
138 972 175 1002 et
193 966 337 1014 majore
352 966 485 1004 animo
501 966 701 1017 gloriaque
718 965 934 1002 libertatem
950 971 1120 1000 nostram
1140 960 1208 999 de*

80 1018 218 1066 fendis,
246 1027 282 1057 et
314 1020 555 1071 dignitatem,
585 1020 617 1058 si
649 1018 846 1069 contigerit
875 1016 1012 1055 nostris
1041 1015 1206 1054 consiliis

82 1073 222 1121 exituS,
240 1086 356 1125 quem
371 1083 562 1126 optamus,
580 1073 869 1126 [perfuncturus
885 1070 958 1123 es.]
978 1070 1066 1121 Ego
1075 1070 1206 1117 etiam,

82 1126 139 1164 mi
160 1125 308 1176 Cicero,
333 1129 486 1180 proprie
512 1128 825 1178 familiariterque
843 1133 880 1163 te
897 1137 1004 1175 rogo,
1024 1132 1069 1161 ut
1089 1123 1207 1162 Vete-

82 1193 166 1218 rem
195 1193 313 1229 ames,
338 1182 508 1234 velisque
540 1196 620 1221 esse
649 1194 768 1233 quam
796 1179 1080 1231 amplissimum
1098 1193 1108 1214 ι
1139 1176 1209 1228 qui

83 1235 153 1273 etsi
171 1235 280 1273 nullssa
298 1249 338 1274 re
357 1237 534 1274 deterreri
553 1250 575 1274 a
592 1236 785 1288 proposito
804 1242 942 1286 potest,
959 1241 1087 1271 tamen
1106 1231 1209 1270 exci-

84 1289 156 1330 tari
182 1289 258 1327 tuis
282 1290 461 1328 laudibus
479 1290 796 1341 indulgentiaque
814 1288 966 1340 poterit,
987 1299 1064 1338 quo
1083 1285 1206 1336 magis

83 1343 326 1394 amplexetur
343 1358 387 1383 ac
399 1352 549 1383 tueatur
564 1344 757 1394 judicium
775 1355 891 1381 suum
907 1356 918 1379 ι
949 1349 985 1379 et
1005 1340 1102 1378 mihi
1120 1352 1209 1391 gia-

84 1397 276 1435 tissimum
296 1399 378 1437 erit.
408 1399 519 1438 Vale.

314 1562 435 1615 (12.)
469 1563 685 1604 CICERO
713 1561 913 1603 BRUTO
943 1561 982 1600 S.

142 1673 468 1723 (Argumentum.
484 1695 538 1701 —
551 1672 725 1711 Excusat
739 1685 778 1710 se
796 1672 936 1717 Bruto,
957 1667 1062 1720 quod
1081 1667 1213 1705 matris

88 1727 173 1776 ejus
197 1737 234 1765 et
253 1726 388 1765 sorotis
405 1727 594 1779 precibus,
616 1727 664 1765 de
681 1725 812 1764 liberis
831 1724 892 1763 M.
921 1723 1074 1774 Lepidi,
1096 1734 1213 1773 quem
1244 1758 1273 1770 x

89 1781 241 1818 hostem
260 1788 413 1819 senatus
427 1781 633 1831 judicarat,
649 1779 897 1831 excipiendiS,
912 1777 1125 1816 satisfacere
1139 1787 1216 1812 non

90 1841 229 1886 posset.
261 1834 325 1873 De
346 1835 514 1873 Antistio
522 1835 732 1873 liberaliter
749 1831 966 1885 promittit3
993 1839 1031 1869 et
1045 1831 1216 1869 Brutum

93 1891 238 1940 ipsum,
256 1896 302 1926 ut
317 1889 359 1926 in
379 1888 537 1927 Italiam
556 1889 696 1936 veniat,
716 1885 924 1936 hortatur.)

146 1995 236 2035 Etsi
253 1996 414 2035 daturus
432 2009 537 2035 eram
555 1996 737 2035 Messalae
749 1995 915 2034 Corvino
934 1993 1116 2032 continuo
1134 1990 1219 2029 lite-

93 2063 174 2099 ras,
195 2058 326 2089 tamen
346 2051 527 2089 Veterem
543 2059 720 2090 nosti-um
746 2050 796 2088 ad
821 2057 858 2086 te
883 2048 964 2086 sine
988 2045 1107 2084 literis
1126 2045 1222 2083 meis

93 2105 224 2143 venire
259 2105 379 2143 nolui.
434 2104 616 2143 Maximo
650 2104 692 2142 in
734 2103 952 2142 discrimine
987 2099 1215 2151 respublica,

89 2158 230 2204 Brute,
262 2166 453 2205 versatum
484 2158 718 2211 victoresque
742 2169 876 2196 rursus
905 2156 1094 2194 decertare
1118 2153 1215 2203 cogi-
