1498 2401
333 476 403 524 M.
439 476 668 525 TULLII
705 476 1062 528 CICERONIS

476 628 886 681 EPISTOLAE

498 793 582 832 AD
611 793 876 834 BRUTUM.

607 950 759 984 -4—

325 1087 414 1140 (1.)
445 1087 660 1131 CICERO
690 1089 891 1131 BRUTO
920 1091 959 1131 5.
981 1090 1035 1130 D.

181 1198 646 1251 (Argumentmn.-De
677 1198 725 1238 L.
748 1198 888 1249 Clodii,
917 1199 1008 1239 trib.
1034 1200 1088 1252 pl.
1113 1200 1243 1253 singu-

122 1255 194 1295 lari
212 1263 250 1294 et
268 1254 418 1305 cognito
432 1253 473 1291 in
493 1266 531 1291 se
550 1253 797 1306 Brutumque
815 1266 945 1293 amore
964 1262 1002 1292 et
1023 1254 1112 1305 fide,
1133 1268 1242 1294 accu-

120 1318 200 1350 rate
219 1309 378 1357 scribit.)

175 1417 323 1458 Lucius
342 1416 517 1466 Clodius,
541 1417 720 1457 tribunus
738 1417 860 1470 plebis
879 1416 1114 1469 designatus,
1134 1418 1245 1458 valde

122 1484 187 1512 me
211 1472 351 1524 diligit,
380 1472 443 1510 vel
473 1445 573 1514 (uite
559 1481 658 1521 εμφσ
653 1488 697 1510 ,ιτ
702 1488 816 1522 κωτεΓ
824 1470 1019 1522 ovdicam)
1046 1472 1157 1511 valde
1179 1485 1244 1512 me

120 1533 238 1566 amat.
265 1525 386 1574 Quod
402 1538 492 1565 cum
510 1525 608 1564 mihi
625 1526 680 1564 ita
697 1487 923 1578 pei-surasum
938 1526 998 1576 sit,
1014 1539 1092 1565 non
1107 1526 1242 1566 dubito

119 1583 235 1626 (bene
258 1580 363 1619 enim
381 1592 446 1618 me
470 1579 587 1626 nfisti)
613 1579 708 1632 quin
732 1580 847 1618 illum
873 1592 1028 1632 quoque
1051 1580 1199 1631 judices
1222 1594 1245 1619 a

120 1648 186 1675 me
203 1634 338 1674 amari.
364 1632 478 1672 Nihil
496 1634 600 1672 enim
620 1633 719 1672 mihi
745 1633 876 1672 minus
893 1634 1060 1673 hominis
1076 1634 1241 1683 videtur,

116 1701 238 1742 quam
256 1700 335 1727 non
359 1679 619 1739 raepbndere'
608 1700 650 1726 111
672 1700 802 1726 amore
825 1688 886 1737 iis,
907 1700 929 1726 a
947 1688 1088 1740 quibus
1105 1701 1244 1741 provo-

118 1757 216 1783 cere.
247 1743 289 1781 Is
299 1741 398 1780 1111111
408 1741 511 1780 visus
530 1749 586 1780 est
604 1742 800 1794 suspicari,
816 1753 885 1780 nec
904 1742 984 1781 sine
994 1755 1138 1795 magno
1157 1743 1244 1794 qui-

117 1798 210 1837 dem
220 1797 364 1843 dolore,
380 1795 526 1847 aliquid
537 1809 559 1834 3
570 1796 663 1845 51115,
679 1796 740 1834 vel
750 1809 818 1848 per
832 1809 920 1834 suos
934 1797 1062 1849 potius
1073 1797 1239 1848 iniquos,

119 1852 171 1894 ad
187 1859 226 1891 te
244 1863 324 1890 esse
341 1824 528 1899 delatum,
554 1862 631 1902 quo
652 1824 747 1889 ’tuus
766 1850 918 1889 animus
936 1864 959 1889 a
977 1864 1017 1890 se
1035 1858 1132 1890 esset
1149 1850 1243 1889 alie-

115 1919 213 1947 mor.

171 1961 267 2000 Non
285 1959 401 2008 soleo,
420 1958 477 1997 mi
494 1958 632 2008 Brute,
651 1958 775 2012 (quod
797 1958 869 1998 tibi
887 1966 1023 1999 notum
1043 1971 1122 1998 esse
1140 1958 1242 1998 arbi-

118 2022 215 2065 tror)
233 2021 376 2053 temere
393 2012 582 2052 affirmare
599 2013 647 2052 de
670 2014 816 2053 altero:
846 2021 904 2052 est
928 2014 1031 2052 enim
1049 2013 1239 2065 periculo-

118 2082 221 2118 sum,
240 2075 395 2120 propter
411 2067 577 2106 occultas
587 2067 792 2106 hominum
807 2068 1035 2116 voluntataffi
1047 2067 1239 2119 multipli-

111 2136 252 2176 cesque
277 2129 447 2161 naturas.
477 2120 604 2160 Clodii
628 2121 804 2161 animum
829 2128 1071 2174 perspectum
1097 2121 1235 2169 habeo,

108 2178 324 2231 cognitum,
354 2175 584 2226 judicatum.
629 2175 763 2215 Multa
791 2177 873 2226 ejus
905 2175 1058 2223 indicia,
1089 2175 1156 2214 sed
1185 2149 1235 2214 ad

111 2231 354 2274 scribendum
373 2242 450 2269 non
479 2229 697 2270 necessaria.
727 2231 766 2269 V
768 2231 828 2270 olo
854 2229 957 2269 enim
977 2230 1049 2269 hoc
1067 2229 1236 2269 testimo-
