<?xml version="1.0" encoding="UTF-8"?>
<!DOCTYPE html PUBLIC "-//W3C//DTD XHTML 1.0 Transitional//EN"
    "http://www.w3.org/TR/xhtml1/DTD/xhtml1-transitional.dtd">
<html xmlns="http://www.w3.org/1999/xhtml" xml:lang="en" lang="en">
 <head>
  <title>
</title>
<meta http-equiv="Content-Type" content="text/html;charset=utf-8" />
  <meta name='ocr-system' content='tesseract 3.04.00' />
  <meta name='ocr-capabilities' content='ocr_page ocr_carea ocr_par ocr_line ocrx_word'/>
</head>
<body>
  <div class='ocr_page' id='page_1' title='image "./operaern11ciceuoft_0370.png"; bbox 0 0 1498 2401; ppageno 0'>
   <div class='ocr_carea' id='block_1_1' title="bbox 236 150 1120 193">
    <p class='ocr_par' dir='ltr' id='par_1_1' title="bbox 236 150 1120 193">
     <span class='ocr_line' id='line_1_1' title="bbox 236 150 1120 193; baseline -0.003 0"><span class='ocrx_word' id='word_1_1' title='bbox 236 155 314 193; x_wconf 82' lang='lat'>356</span> <span class='ocrx_word' id='word_1_2' title='bbox 471 151 554 190; x_wconf 79' lang='lat' dir='ltr'>AD</span> <span class='ocrx_word' id='word_1_3' title='bbox 584 150 850 190; x_wconf 85' lang='lat' dir='ltr'><strong>BRUTUM.</strong></span> <span class='ocrx_word' id='word_1_4' title='bbox 879 151 1037 191; x_wconf 74' lang='lat' dir='ltr'>Ems&#39;r.</span> <span class='ocrx_word' id='word_1_5' title='bbox 1060 153 1120 191; x_wconf 83' lang='lat'>11.</span> 
     </span>
    </p>
   </div>
   <div class='ocr_carea' id='block_1_2' title="bbox 240 260 1374 1497">
    <p class='ocr_par' dir='ltr' id='par_1_2' title="bbox 240 260 1367 689">
     <span class='ocr_line' id='line_1_2' title="bbox 240 260 1366 314; baseline -0.003 -14"><span class='ocrx_word' id='word_1_6' title='bbox 240 260 391 314; x_wconf 77' lang='lat' dir='ltr'>perrexi</span> <span class='ocrx_word' id='word_1_7' title='bbox 409 268 554 307; x_wconf 87' lang='lat' dir='ltr'>tamen,</span> <span class='ocrx_word' id='word_1_8' title='bbox 575 260 822 312; x_wconf 85' lang='lat' dir='ltr'>Romamque</span> <span class='ocrx_word' id='word_1_9' title='bbox 840 260 1010 312; x_wconf 85' lang='lat' dir='ltr'>perveni,</span> <span class='ocrx_word' id='word_1_10' title='bbox 1029 260 1216 312; x_wconf 90' lang='lat' dir='ltr'>nulloque</span> <span class='ocrx_word' id='word_1_11' title='bbox 1232 260 1366 312; x_wconf 55' lang='grc'>111-331.</span> 
     </span>
     <span class='ocr_line' id='line_1_3' title="bbox 241 314 1364 367; baseline -0.002 -12"><span class='ocrx_word' id='word_1_12' title='bbox 241 316 306 355; x_wconf 91' lang='lat' dir='ltr'>dio</span> <span class='ocrx_word' id='word_1_13' title='bbox 335 314 524 367; x_wconf 84' lang='lat' dir='ltr'><strong>quatefeci</strong></span> <span class='ocrx_word' id='word_1_14' title='bbox 543 314 791 352; x_wconf 81' lang='lat' dir='ltr'>Antonium:</span> <span class='ocrx_word' id='word_1_15' title='bbox 822 321 1028 366; x_wconf 85' lang='lat' dir='ltr'>contraque</span> <span class='ocrx_word' id='word_1_16' title='bbox 1055 315 1138 364; x_wconf 85' lang='lat' dir='ltr'>ejus</span> <span class='ocrx_word' id='word_1_17' title='bbox 1165 327 1273 353; x_wconf 86' lang='lat' dir='ltr'>arma</span> <span class='ocrx_word' id='word_1_18' title='bbox 1296 327 1364 354; x_wconf 89' lang='lat' dir='ltr'>ne-</span> 
     </span>
     <span class='ocr_line' id='line_1_4' title="bbox 242 366 1365 420; baseline -0.001 -12"><span class='ocrx_word' id='word_1_19' title='bbox 242 368 374 416; x_wconf 85' lang='lat' dir='ltr'>fanda,</span> <span class='ocrx_word' id='word_1_20' title='bbox 393 367 584 420; x_wconf 84' lang='lat' dir='ltr'>praesidia,</span> <span class='ocrx_word' id='word_1_21' title='bbox 605 381 693 419; x_wconf 87' lang='lat' dir='ltr'>quae</span> <span class='ocrx_word' id='word_1_22' title='bbox 711 367 839 406; x_wconf 82' lang='lat' dir='ltr'>oblata</span> <span class='ocrx_word' id='word_1_23' title='bbox 857 375 960 414; x_wconf 80' lang='lat' dir='ltr'>sunt,</span> <span class='ocrx_word' id='word_1_24' title='bbox 984 366 1145 407; x_wconf 81' lang='lat' dir='ltr'>Caesaris</span> <span class='ocrx_word' id='word_1_25' title='bbox 1160 368 1315 407; x_wconf 85' lang='lat' dir='ltr'>consilio</span> <span class='ocrx_word' id='word_1_26' title='bbox 1327 375 1365 407; x_wconf 86' lang='lat' dir='ltr'>et</span> 
     </span>
     <span class='ocr_line' id='line_1_5' title="bbox 242 421 1366 474; baseline -0.001 -12"><span class='ocrx_word' id='word_1_27' title='bbox 242 422 466 462; x_wconf 83' lang='lat' dir='ltr'>auctoritate</span> <span class='ocrx_word' id='word_1_28' title='bbox 483 422 645 459; x_wconf 81' lang='lat' dir='ltr'>firmavi.</span> <span class='ocrx_word' id='word_1_29' title='bbox 676 421 758 470; x_wconf 85' lang='lat' dir='ltr'>Qui</span> <span class='ocrx_word' id='word_1_30' title='bbox 777 421 810 459; x_wconf 88' lang='lat' dir='ltr'>si</span> <span class='ocrx_word' id='word_1_31' title='bbox 824 422 966 460; x_wconf 87' lang='lat' dir='ltr'>steterit</span> <span class='ocrx_word' id='word_1_32' title='bbox 978 422 1096 469; x_wconf 86' lang='lat' dir='ltr'>idem,</span> <span class='ocrx_word' id='word_1_33' title='bbox 1111 422 1285 474; x_wconf 90' lang='lat' dir='ltr'>mihique</span> <span class='ocrx_word' id='word_1_34' title='bbox 1294 436 1366 474; x_wconf 89' lang='lat' dir='ltr'>pa-</span> 
     </span>
     <span class='ocr_line' id='line_1_6' title="bbox 242 475 1367 526; baseline 0 -11"><span class='ocrx_word' id='word_1_35' title='bbox 242 476 376 524; x_wconf 85' lang='lat' dir='ltr'>ruerit,</span> <span class='ocrx_word' id='word_1_36' title='bbox 406 476 495 515; x_wconf 88' lang='lat' dir='ltr'>satis</span> <span class='ocrx_word' id='word_1_37' title='bbox 514 475 690 513; x_wconf 74' lang='lat' dir='ltr'>videmur</span> <span class='ocrx_word' id='word_1_38' title='bbox 717 475 887 513; x_wconf 87' lang='lat' dir='ltr'>habituri</span> <span class='ocrx_word' id='word_1_39' title='bbox 913 476 1105 526; x_wconf 87' lang='lat' dir='ltr'>praesidii:</span> <span class='ocrx_word' id='word_1_40' title='bbox 1150 476 1207 514; x_wconf 86' lang='lat' dir='ltr'>sin</span> <span class='ocrx_word' id='word_1_41' title='bbox 1236 484 1367 515; x_wconf 87' lang='lat' dir='ltr'>autem</span> 
     </span>
     <span class='ocr_line' id='line_1_7' title="bbox 242 529 1367 591; baseline 0.001 -23"><span class='ocrx_word' id='word_1_42' title='bbox 242 530 453 582; x_wconf 90' lang='lat' dir='ltr'>impiorum</span> <span class='ocrx_word' id='word_1_43' title='bbox 484 529 640 568; x_wconf 87' lang='lat' dir='ltr'>consilia</span> <span class='ocrx_word' id='word_1_44' title='bbox 666 529 754 581; x_wconf 85' lang='lat' dir='ltr'>plus</span> <span class='ocrx_word' id='word_1_45' title='bbox 773 529 963 567; x_wconf 77' lang='lat' dir='ltr'>valuerint</span> <span class='ocrx_word' id='word_1_46' title='bbox 983 543 1101 591; x_wconf 80' lang='lat' dir='ltr'>quam</span> <span class='ocrx_word' id='word_1_47' title='bbox 1129 537 1271 578; x_wconf 80' lang='lat' dir='ltr'>nostra,</span> <span class='ocrx_word' id='word_1_48' title='bbox 1298 538 1367 569; x_wconf 87' lang='lat' dir='ltr'>aut</span> 
     </span>
     <span class='ocr_line' id='line_1_8' title="bbox 244 583 1367 634; baseline -0.001 -11"><span class='ocrx_word' id='word_1_49' title='bbox 244 584 486 623; x_wconf 82' lang='lat' dir='ltr'>imbecillitas</span> <span class='ocrx_word' id='word_1_50' title='bbox 516 583 635 621; x_wconf 80' lang='lat' dir='ltr'>aetatis</span> <span class='ocrx_word' id='word_1_51' title='bbox 668 595 746 621; x_wconf 89' lang='lat' dir='ltr'>non</span> <span class='ocrx_word' id='word_1_52' title='bbox 778 583 946 633; x_wconf 84' lang='lat' dir='ltr'>potuerit</span> <span class='ocrx_word' id='word_1_53' title='bbox 973 584 1201 634; x_wconf 83' lang='lat' dir='ltr'>gravitatem</span> <span class='ocrx_word' id='word_1_54' title='bbox 1237 597 1367 623; x_wconf 87' lang='lat' dir='ltr'>rerum</span> 
     </span>
     <span class='ocr_line' id='line_1_9' title="bbox 245 636 888 689; baseline -0.005 -12"><span class='ocrx_word' id='word_1_55' title='bbox 245 638 444 686; x_wconf 73' lang='lat' dir='ltr'>sustinere,</span> <span class='ocrx_word' id='word_1_56' title='bbox 461 650 545 689; x_wconf 86' lang='lat' dir='ltr'>spes</span> <span class='ocrx_word' id='word_1_57' title='bbox 563 636 688 675; x_wconf 84' lang='lat' dir='ltr'>omnis</span> <span class='ocrx_word' id='word_1_58' title='bbox 707 644 762 675; x_wconf 86' lang='lat' dir='ltr'>est</span> <span class='ocrx_word' id='word_1_59' title='bbox 780 636 820 673; x_wconf 85' lang='lat' dir='ltr'>in</span> <span class='ocrx_word' id='word_1_60' title='bbox 839 644 888 674; x_wconf 88' lang='lat' dir='ltr'>te.</span> 
     </span>
    </p>

    <p class='ocr_par' dir='ltr' id='par_1_3' title="bbox 245 691 1374 1222">
     <span class='ocr_line' id='line_1_10' title="bbox 301 691 1370 743; baseline 0 -13"><span class='ocrx_word' id='word_1_61' title='bbox 301 691 434 739; x_wconf 89' lang='lat' dir='ltr'>Quam</span> <span class='ocrx_word' id='word_1_62' title='bbox 454 693 502 730; x_wconf 93' lang='lat' dir='ltr'>ob</span> <span class='ocrx_word' id='word_1_63' title='bbox 527 704 624 740; x_wconf 87' lang='lat' dir='ltr'>rem,</span> <span class='ocrx_word' id='word_1_64' title='bbox 651 691 800 737; x_wconf 88' lang='lat' dir='ltr'>advola,</span> <span class='ocrx_word' id='word_1_65' title='bbox 821 692 999 736; x_wconf 78' lang='lat' dir='ltr'>obsecr03</span> <span class='ocrx_word' id='word_1_66' title='bbox 1029 699 1145 743; x_wconf 88' lang='lat' dir='ltr'>atque</span> <span class='ocrx_word' id='word_1_67' title='bbox 1164 704 1249 730; x_wconf 89' lang='lat' dir='ltr'>eam</span> <span class='ocrx_word' id='word_1_68' title='bbox 1267 704 1370 730; x_wconf 89' lang='lat' dir='ltr'>rem-</span> 
     </span>
     <span class='ocr_line' id='line_1_11' title="bbox 245 744 1372 806; baseline 0.001 -22"><span class='ocrx_word' id='word_1_69' title='bbox 245 745 457 798; x_wconf 80' lang='lat' dir='ltr'>publicam,</span> <span class='ocrx_word' id='word_1_70' title='bbox 489 757 608 797; x_wconf 87' lang='lat' dir='ltr'>quam</span> <span class='ocrx_word' id='word_1_71' title='bbox 643 744 698 782; x_wconf 80' lang='lat' dir='ltr'>vir</span> <span class='ocrx_word' id='word_1_72' title='bbox 701 752 782 782; x_wconf 84' lang='lat' dir='ltr'>tute</span> <span class='ocrx_word' id='word_1_73' title='bbox 810 751 926 796; x_wconf 82' lang='lat' dir='ltr'>atque</span> <span class='ocrx_word' id='word_1_74' title='bbox 955 744 1075 782; x_wconf 87' lang='lat' dir='ltr'>animi</span> <span class='ocrx_word' id='word_1_75' title='bbox 1104 745 1372 806; x_wconf 85' lang='lat' dir='ltr'>magnitudine</span> 
     </span>
     <span class='ocr_line' id='line_1_12' title="bbox 246 798 1373 851; baseline 0 -13"><span class='ocrx_word' id='word_1_76' title='bbox 246 800 371 851; x_wconf 81' lang='lat' dir='ltr'>magis</span> <span class='ocrx_word' id='word_1_77' title='bbox 403 812 523 851; x_wconf 90' lang='lat' dir='ltr'>quam</span> <span class='ocrx_word' id='word_1_78' title='bbox 555 798 697 836; x_wconf 66' lang='grc'>81811113</span> <span class='ocrx_word' id='word_1_79' title='bbox 727 811 857 836; x_wconf 86' lang='lat' dir='ltr'>rerum</span> <span class='ocrx_word' id='word_1_80' title='bbox 886 798 1070 847; x_wconf 77' lang='lat' dir='ltr'>liberasti,</span> <span class='ocrx_word' id='word_1_81' title='bbox 1105 799 1212 837; x_wconf 81' lang='lat' dir='ltr'>exitu</span> <span class='ocrx_word' id='word_1_82' title='bbox 1240 800 1373 838; x_wconf 87' lang='lat' dir='ltr'>libera.</span> 
     </span>
     <span class='ocr_line' id='line_1_13' title="bbox 247 851 1374 893; baseline -0.001 0"><span class='ocrx_word' id='word_1_83' title='bbox 247 853 390 893; x_wconf 88' lang='lat' dir='ltr'>Omnis</span> <span class='ocrx_word' id='word_1_84' title='bbox 409 852 583 892; x_wconf 86' lang='lat' dir='ltr'>onmium</span> <span class='ocrx_word' id='word_1_85' title='bbox 603 864 806 890; x_wconf 75' lang='lat' dir='ltr'>concursus</span> <span class='ocrx_word' id='word_1_86' title='bbox 818 851 867 890; x_wconf 86' lang='lat' dir='ltr'>ad</span> <span class='ocrx_word' id='word_1_87' title='bbox 881 858 918 889; x_wconf 92' lang='lat' dir='ltr'>te</span> <span class='ocrx_word' id='word_1_88' title='bbox 936 851 1090 891; x_wconf 85' lang='lat' dir='ltr'>futurus</span> <span class='ocrx_word' id='word_1_89' title='bbox 1109 860 1176 891; x_wconf 82' lang='lat' dir='ltr'>est.</span> <span class='ocrx_word' id='word_1_90' title='bbox 1206 853 1374 893; x_wconf 79' lang='lat' dir='ltr'>Hortare</span> 
     </span>
     <span class='ocr_line' id='line_1_14' title="bbox 246 904 1372 959; baseline 0 -13"><span class='ocrx_word' id='word_1_91' title='bbox 246 907 352 946; x_wconf 89' lang='lat' dir='ltr'>idem</span> <span class='ocrx_word' id='word_1_92' title='bbox 370 920 438 959; x_wconf 91' lang='lat' dir='ltr'>per</span> <span class='ocrx_word' id='word_1_93' title='bbox 461 906 587 944; x_wconf 84' lang='lat' dir='ltr'>literas</span> <span class='ocrx_word' id='word_1_94' title='bbox 609 904 799 945; x_wconf 88' lang='lat' dir='ltr'>Cassium</span> <span class='ocrx_word' id='word_1_95' title='bbox 841 907 936 957; x_wconf 55' lang='lat' dir='ltr'>Spes</span> <span class='ocrx_word' id='word_1_96' title='bbox 959 906 1144 944; x_wconf 76' lang='lat' dir='ltr'>libertatis</span> <span class='ocrx_word' id='word_1_97' title='bbox 1162 919 1372 958; x_wconf 83' lang='lat' dir='ltr'>nusquam,</span> 
     </span>
     <span class='ocr_line' id='line_1_15' title="bbox 246 959 1373 1012; baseline 0 -12"><span class='ocrx_word' id='word_1_98' title='bbox 246 961 320 1000; x_wconf 87' lang='grc'>11131</span> <span class='ocrx_word' id='word_1_99' title='bbox 349 960 390 998; x_wconf 90' lang='grc'>111</span> <span class='ocrx_word' id='word_1_100' title='bbox 415 968 627 999; x_wconf 88' lang='lat' dir='ltr'>vestrorum</span> <span class='ocrx_word' id='word_1_101' title='bbox 651 968 862 999; x_wconf 87' lang='lat' dir='ltr'>castrorum</span> <span class='ocrx_word' id='word_1_102' title='bbox 884 959 1080 1012; x_wconf 90' lang='lat' dir='ltr'>principiis</span> <span class='ocrx_word' id='word_1_103' title='bbox 1108 967 1175 999; x_wconf 65' lang='lat' dir='ltr'>oet.</span> <span class='ocrx_word' id='word_1_104' title='bbox 1218 960 1373 1000; x_wconf 84' lang='lat' dir='ltr'>Firmos</span> 
     </span>
     <span class='ocr_line' id='line_1_16' title="bbox 248 1013 1370 1063; baseline 0.002 -10"><span class='ocrx_word' id='word_1_105' title='bbox 248 1014 407 1054; x_wconf 90' lang='lat' dir='ltr'>omnino</span> <span class='ocrx_word' id='word_1_106' title='bbox 426 1022 463 1052; x_wconf 92' lang='lat' dir='ltr'>et</span> <span class='ocrx_word' id='word_1_107' title='bbox 482 1013 596 1052; x_wconf 85' lang='lat' dir='ltr'>duces</span> <span class='ocrx_word' id='word_1_108' title='bbox 613 1014 802 1052; x_wconf 88' lang='lat' dir='ltr'>habemus</span> <span class='ocrx_word' id='word_1_109' title='bbox 820 1015 869 1052; x_wconf 91' lang='lat' dir='ltr'>ab</span> <span class='ocrx_word' id='word_1_110' title='bbox 877 1013 1100 1063; x_wconf 83' lang='lat' dir='ltr'>Occidente,</span> <span class='ocrx_word' id='word_1_111' title='bbox 1114 1021 1152 1053; x_wconf 87' lang='lat' dir='ltr'>et</span> <span class='ocrx_word' id='word_1_112' title='bbox 1170 1015 1370 1055; x_wconf 81' lang='lat' dir='ltr'>exercitus.</span> 
     </span>
     <span class='ocr_line' id='line_1_17' title="bbox 248 1067 1372 1119; baseline 0.001 -12"><span class='ocrx_word' id='word_1_113' title='bbox 248 1069 338 1107; x_wconf 92' lang='lat' dir='ltr'>Hoc</span> <span class='ocrx_word' id='word_1_114' title='bbox 352 1067 598 1107; x_wconf 87' lang='lat' dir='ltr'>adolescentis</span> <span class='ocrx_word' id='word_1_115' title='bbox 622 1067 846 1119; x_wconf 87' lang='lat' dir='ltr'>praesidium</span> <span class='ocrx_word' id='word_1_116' title='bbox 865 1067 1045 1119; x_wconf 88' lang='lat' dir='ltr'>equidem</span> <span class='ocrx_word' id='word_1_117' title='bbox 1069 1068 1195 1107; x_wconf 85' lang='lat' dir='ltr'>adhuc</span> <span class='ocrx_word' id='word_1_118' title='bbox 1213 1068 1372 1108; x_wconf 89' lang='lat' dir='ltr'>firmum</span> 
     </span>
     <span class='ocr_line' id='line_1_18' title="bbox 249 1121 1372 1171; baseline 0.001 -10"><span class='ocrx_word' id='word_1_119' title='bbox 249 1136 328 1161; x_wconf 65' lang='lat' dir='ltr'>aese</span> <span class='ocrx_word' id='word_1_120' title='bbox 347 1122 496 1161; x_wconf 89' lang='lat' dir='ltr'>confido</span> <span class='ocrx_word' id='word_1_121' title='bbox 512 1136 522 1160; x_wconf 90' lang='lat'><strong>:</strong></span> <span class='ocrx_word' id='word_1_122' title='bbox 553 1122 619 1160; x_wconf 88' lang='lat' dir='ltr'>sed</span> <span class='ocrx_word' id='word_1_123' title='bbox 637 1121 691 1160; x_wconf 87' lang='lat' dir='ltr'>ita</span> <span class='ocrx_word' id='word_1_124' title='bbox 704 1121 821 1160; x_wconf 88' lang='lat' dir='ltr'>multi</span> <span class='ocrx_word' id='word_1_125' title='bbox 832 1121 1077 1171; x_wconf 85' lang='lat' dir='ltr'>labefactant,</span> <span class='ocrx_word' id='word_1_126' title='bbox 1096 1128 1155 1171; x_wconf 90' lang='lat' dir='ltr'>ut,</span> <span class='ocrx_word' id='word_1_127' title='bbox 1174 1135 1223 1161; x_wconf 90' lang='lat' dir='ltr'>ne</span> <span class='ocrx_word' id='word_1_128' title='bbox 1241 1135 1372 1162; x_wconf 85' lang='lat' dir='ltr'>move-</span> 
     </span>
     <span class='ocr_line' id='line_1_19' title="bbox 251 1175 846 1222; baseline -0.002 -7"><span class='ocrx_word' id='word_1_129' title='bbox 251 1184 352 1222; x_wconf 77' lang='lat' dir='ltr'>atur,</span> <span class='ocrx_word' id='word_1_130' title='bbox 371 1175 566 1215; x_wconf 89' lang='lat' dir='ltr'>interdum</span> <span class='ocrx_word' id='word_1_131' title='bbox 587 1176 846 1215; x_wconf 84' lang='lat' dir='ltr'>extimescam.</span> 
     </span>
    </p>

    <p class='ocr_par' dir='ltr' id='par_1_4' title="bbox 248 1229 1374 1497">
     <span class='ocr_line' id='line_1_20' title="bbox 304 1229 1372 1281; baseline 0.001 -13"><span class='ocrx_word' id='word_1_132' title='bbox 304 1230 438 1269; x_wconf 90' lang='lat' dir='ltr'>Habes</span> <span class='ocrx_word' id='word_1_133' title='bbox 457 1236 581 1268; x_wconf 87' lang='lat' dir='ltr'>totum</span> <span class='ocrx_word' id='word_1_134' title='bbox 593 1229 812 1281; x_wconf 87' lang='lat' dir='ltr'>reipublicae</span> <span class='ocrx_word' id='word_1_135' title='bbox 830 1236 975 1268; x_wconf 84' lang='lat' dir='ltr'>statum</span> <span class='ocrx_word' id='word_1_136' title='bbox 988 1244 1001 1276; x_wconf 73' lang='grc' dir='ltr'><strong>ς</strong></span> <span class='ocrx_word' id='word_1_137' title='bbox 1031 1229 1100 1281; x_wconf 90' lang='lat' dir='ltr'>qui</span> <span class='ocrx_word' id='word_1_138' title='bbox 1114 1230 1271 1281; x_wconf 90' lang='lat' dir='ltr'>quidem</span> <span class='ocrx_word' id='word_1_139' title='bbox 1285 1238 1372 1270; x_wconf 92' lang='lat' dir='ltr'>tum</span> 
     </span>
     <span class='ocr_line' id='line_1_21' title="bbox 249 1283 1374 1336; baseline 0.001 -14"><span class='ocrx_word' id='word_1_140' title='bbox 249 1291 344 1333; x_wconf 88' lang='lat' dir='ltr'>erat,</span> <span class='ocrx_word' id='word_1_141' title='bbox 360 1297 448 1322; x_wconf 88' lang='lat' dir='ltr'>cum</span> <span class='ocrx_word' id='word_1_142' title='bbox 467 1284 536 1322; x_wconf 89' lang='lat' dir='ltr'>has</span> <span class='ocrx_word' id='word_1_143' title='bbox 553 1284 681 1322; x_wconf 81' lang='lat' dir='ltr'>literas</span> <span class='ocrx_word' id='word_1_144' title='bbox 695 1284 846 1322; x_wconf 88' lang='lat' dir='ltr'>dabam.</span> <span class='ocrx_word' id='word_1_145' title='bbox 864 1284 1013 1332; x_wconf 85' lang='lat' dir='ltr'>Velim,</span> <span class='ocrx_word' id='word_1_146' title='bbox 1028 1283 1204 1336; x_wconf 86' lang='lat' dir='ltr'>deinceps</span> <span class='ocrx_word' id='word_1_147' title='bbox 1214 1285 1374 1323; x_wconf 85' lang='lat' dir='ltr'>meliora</span> 
     </span>
     <span class='ocr_line' id='line_1_22' title="bbox 250 1337 1372 1389; baseline 0 -13"><span class='ocrx_word' id='word_1_148' title='bbox 250 1338 354 1377; x_wconf 88' lang='lat' dir='ltr'>sint:</span> <span class='ocrx_word' id='word_1_149' title='bbox 393 1338 452 1376; x_wconf 88' lang='grc'>3111</span> <span class='ocrx_word' id='word_1_150' title='bbox 482 1338 591 1376; x_wconf 89' lang='lat' dir='ltr'>aliter</span> <span class='ocrx_word' id='word_1_151' title='bbox 613 1337 743 1385; x_wconf 86' lang='lat' dir='ltr'>fuerit,</span> <span class='ocrx_word' id='word_1_152' title='bbox 765 1338 888 1389; x_wconf 88' lang='lat' dir='ltr'>(quod</span> <span class='ocrx_word' id='word_1_153' title='bbox 909 1338 979 1376; x_wconf 90' lang='lat' dir='ltr'>Dii</span> <span class='ocrx_word' id='word_1_154' title='bbox 1007 1350 1121 1377; x_wconf 89' lang='lat' dir='ltr'>omen</span> <span class='ocrx_word' id='word_1_155' title='bbox 1151 1346 1322 1377; x_wconf 86' lang='lat' dir='ltr'>avertant</span> <span class='ocrx_word' id='word_1_156' title='bbox 1339 1337 1372 1388; x_wconf 87' lang='lat'>!)</span> 
     </span>
     <span class='ocr_line' id='line_1_23' title="bbox 249 1391 1371 1443; baseline 0.002 -14"><span class='ocrx_word' id='word_1_157' title='bbox 249 1392 469 1443; x_wconf 87' lang='lat' dir='ltr'>reipublicae</span> <span class='ocrx_word' id='word_1_158' title='bbox 486 1391 609 1430; x_wconf 88' lang='lat' dir='ltr'>vicem</span> <span class='ocrx_word' id='word_1_159' title='bbox 627 1391 776 1438; x_wconf 86' lang='lat' dir='ltr'>dolebo,</span> <span class='ocrx_word' id='word_1_160' title='bbox 793 1405 881 1443; x_wconf 89' lang='lat' dir='ltr'>quae</span> <span class='ocrx_word' id='word_1_161' title='bbox 907 1392 1134 1430; x_wconf 88' lang='lat' dir='ltr'>immortalis</span> <span class='ocrx_word' id='word_1_162' title='bbox 1153 1405 1232 1431; x_wconf 88' lang='lat' dir='ltr'>esse</span> <span class='ocrx_word' id='word_1_163' title='bbox 1255 1392 1371 1431; x_wconf 85' lang='lat' dir='ltr'>debe-</span> 
     </span>
     <span class='ocr_line' id='line_1_24' title="bbox 248 1445 1155 1497; baseline 0 -13"><span class='ocrx_word' id='word_1_164' title='bbox 248 1446 328 1484; x_wconf 86' lang='lat' dir='ltr'>bat.</span> <span class='ocrx_word' id='word_1_165' title='bbox 360 1445 468 1484; x_wconf 88' lang='lat' dir='ltr'>Mihi</span> <span class='ocrx_word' id='word_1_166' title='bbox 485 1445 642 1497; x_wconf 87' lang='lat' dir='ltr'>quidem</span> <span class='ocrx_word' id='word_1_167' title='bbox 662 1446 894 1496; x_wconf 84' lang='lat' dir='ltr'>quantulum</span> <span class='ocrx_word' id='word_1_168' title='bbox 913 1445 1050 1497; x_wconf 89' lang='lat' dir='ltr'>reliqui</span> <span class='ocrx_word' id='word_1_169' title='bbox 1068 1452 1124 1484; x_wconf 84' lang='lat' dir='ltr'>est</span> <span class='ocrx_word' id='word_1_170' title='bbox 1137 1447 1155 1484; x_wconf 85' lang='lat'>?</span> 
     </span>
    </p>
   </div>
   <div class='ocr_carea' id='block_1_3' title="bbox 433 1605 1189 1658">
    <p class='ocr_par' dir='ltr' id='par_1_5' title="bbox 433 1605 1189 1658">
     <span class='ocr_line' id='line_1_25' title="bbox 433 1605 1189 1658; baseline -0.001 -13"><span class='ocrx_word' id='word_1_171' title='bbox 433 1605 550 1658; x_wconf 84' lang='lat'><strong>(11.)</strong></span> <span class='ocrx_word' id='word_1_172' title='bbox 577 1606 808 1645; x_wconf 86' lang='lat' dir='ltr'>BRUTUS</span> <span class='ocrx_word' id='word_1_173' title='bbox 837 1606 1120 1647; x_wconf 87' lang='lat' dir='ltr'>CICERONI</span> <span class='ocrx_word' id='word_1_174' title='bbox 1148 1608 1189 1647; x_wconf 91' lang='lat' dir='ltr'>S.</span> 
     </span>
    </p>
   </div>
   <div class='ocr_carea' id='block_1_4' title="bbox 247 1714 1375 1876">
    <p class='ocr_par' dir='ltr' id='par_1_6' title="bbox 247 1714 1375 1874">
     <span class='ocr_line' id='line_1_26' title="bbox 305 1714 1371 1764; baseline 0.003 -12"><span class='ocrx_word' id='word_1_175' title='bbox 305 1714 631 1764; x_wconf 77' lang='lat' dir='ltr'>(Argumentum.</span> <span class='ocrx_word' id='word_1_176' title='bbox 652 1737 702 1744; x_wconf 88' lang='lat'><em>-</em></span> <span class='ocrx_word' id='word_1_177' title='bbox 724 1714 875 1753; x_wconf 85' lang='lat' dir='ltr'>Veteris</span> <span class='ocrx_word' id='word_1_178' title='bbox 911 1714 1073 1753; x_wconf 87' lang='lat' dir='ltr'>Antistii</span> <span class='ocrx_word' id='word_1_179' title='bbox 1115 1715 1292 1754; x_wconf 89' lang='lat' dir='ltr'>animum</span> <span class='ocrx_word' id='word_1_180' title='bbox 1329 1715 1371 1756; x_wconf 92' lang='lat' dir='ltr'>in</span> 
     </span>
     <span class='ocr_line' id='line_1_27' title="bbox 249 1767 1375 1820; baseline 0.002 -13"><span class='ocrx_word' id='word_1_181' title='bbox 249 1780 371 1820; x_wconf 82' lang='lat' dir='ltr'>remp.</span> <span class='ocrx_word' id='word_1_182' title='bbox 395 1767 554 1815; x_wconf 83' lang='lat' dir='ltr'>laudat;</span> <span class='ocrx_word' id='word_1_183' title='bbox 584 1775 635 1817; x_wconf 90' lang='lat' dir='ltr'>et,</span> <span class='ocrx_word' id='word_1_184' title='bbox 655 1768 776 1820; x_wconf 88' lang='lat' dir='ltr'>ipsius</span> <span class='ocrx_word' id='word_1_185' title='bbox 802 1768 1026 1820; x_wconf 81' lang='lat' dir='ltr'>petitionem</span> <span class='ocrx_word' id='word_1_186' title='bbox 1050 1776 1227 1820; x_wconf 87' lang='lat' dir='ltr'>praeturae</span> <span class='ocrx_word' id='word_1_187' title='bbox 1244 1777 1290 1808; x_wconf 89' lang='lat' dir='ltr'>ut</span> <span class='ocrx_word' id='word_1_188' title='bbox 1306 1771 1375 1809; x_wconf 88' lang='lat' dir='ltr'>ad-</span> 
     </span>
     <span class='ocr_line' id='line_1_28' title="bbox 247 1822 1373 1876; baseline 0.002 -15"><span class='ocrx_word' id='word_1_189' title='bbox 247 1823 372 1872; x_wconf 84' lang='lat' dir='ltr'>juvet,</span> <span class='ocrx_word' id='word_1_190' title='bbox 392 1822 612 1874; x_wconf 82' lang='lat' dir='ltr'>caeterisque</span> <span class='ocrx_word' id='word_1_191' title='bbox 629 1822 671 1860; x_wconf 90' lang='lat' dir='ltr'>in</span> <span class='ocrx_word' id='word_1_192' title='bbox 688 1823 801 1861; x_wconf 91' lang='lat' dir='ltr'>rebus</span> <span class='ocrx_word' id='word_1_193' title='bbox 820 1835 910 1861; x_wconf 91' lang='lat' dir='ltr'>eum</span> <span class='ocrx_word' id='word_1_194' title='bbox 929 1823 1214 1874; x_wconf 83' lang='lat' dir='ltr'>complectatur,</span> <span class='ocrx_word' id='word_1_195' title='bbox 1234 1831 1373 1876; x_wconf 85' lang='lat' dir='ltr'>rogat.)</span> 
     </span>
    </p>
   </div>
   <div class='ocr_carea' id='block_1_5' title="bbox 753 1898 863 1905">
    <p class='ocr_par' dir='ltr' id='par_1_7' title="bbox 753 1898 863 1905">
     <span class='ocr_line' id='line_1_29' title="bbox 753 1898 863 1905; baseline 0 496"><span class='ocrx_word' id='word_1_196' title='bbox 753 1898 863 1905; x_wconf 95' lang='lat' dir='ltr'> </span> 
     </span>
    </p>
   </div>
   <div class='ocr_carea' id='block_1_6' title="bbox 248 1929 1374 2304">
    <p class='ocr_par' dir='ltr' id='par_1_8' title="bbox 248 1929 1374 2304">
     <span class='ocr_line' id='line_1_30' title="bbox 303 1929 1374 1983; baseline 0.003 -15"><span class='ocrx_word' id='word_1_197' title='bbox 303 1929 454 1969; x_wconf 86' lang='lat' dir='ltr'>Veteris</span> <span class='ocrx_word' id='word_1_198' title='bbox 472 1929 636 1969; x_wconf 83' lang='lat' dir='ltr'>Antistii</span> <span class='ocrx_word' id='word_1_199' title='bbox 659 1931 745 1968; x_wconf 87' lang='lat' dir='ltr'>talis</span> <span class='ocrx_word' id='word_1_200' title='bbox 763 1930 916 1969; x_wconf 89' lang='lat' dir='ltr'>animus</span> <span class='ocrx_word' id='word_1_201' title='bbox 944 1938 1000 1970; x_wconf 84' lang='lat' dir='ltr'>est</span> <span class='ocrx_word' id='word_1_202' title='bbox 1024 1931 1065 1970; x_wconf 90' lang='lat' dir='ltr'>in</span> <span class='ocrx_word' id='word_1_203' title='bbox 1095 1932 1374 1983; x_wconf 88' lang='lat' dir='ltr'>rempublicam</span> 
     </span>
     <span class='ocr_line' id='line_1_31' title="bbox 250 1983 1372 2036; baseline 0.003 -15"><span class='ocrx_word' id='word_1_204' title='bbox 250 1989 296 2022; x_wconf 88' lang='lat' dir='ltr'>ut</span> <span class='ocrx_word' id='word_1_205' title='bbox 313 1995 392 2022; x_wconf 88' lang='lat' dir='ltr'>non</span> <span class='ocrx_word' id='word_1_206' title='bbox 410 1983 598 2033; x_wconf 89' lang='lat' dir='ltr'>dubitem,</span> <span class='ocrx_word' id='word_1_207' title='bbox 624 1984 733 2036; x_wconf 88' lang='lat' dir='ltr'>quin,</span> <span class='ocrx_word' id='word_1_208' title='bbox 762 1991 799 2022; x_wconf 90' lang='lat' dir='ltr'>et</span> <span class='ocrx_word' id='word_1_209' title='bbox 816 1984 857 2022; x_wconf 91' lang='lat' dir='ltr'>in</span> <span class='ocrx_word' id='word_1_210' title='bbox 884 1985 1033 2024; x_wconf 87' lang='lat' dir='ltr'>Caesare</span> <span class='ocrx_word' id='word_1_211' title='bbox 1057 1992 1095 2024; x_wconf 88' lang='lat' dir='ltr'>et</span> <span class='ocrx_word' id='word_1_212' title='bbox 1111 1986 1299 2034; x_wconf 89' lang='lat' dir='ltr'>Antonio,</span> <span class='ocrx_word' id='word_1_213' title='bbox 1331 1999 1372 2024; x_wconf 91' lang='lat' dir='ltr'>se</span> 
     </span>
     <span class='ocr_line' id='line_1_32' title="bbox 249 2037 1373 2091; baseline 0.003 -16"><span class='ocrx_word' id='word_1_214' title='bbox 249 2044 498 2089; x_wconf 86' lang='lat' dir='ltr'>praestaturus</span> <span class='ocrx_word' id='word_1_215' title='bbox 521 2037 636 2077; x_wconf 89' lang='lat' dir='ltr'>fuerit</span> <span class='ocrx_word' id='word_1_216' title='bbox 662 2038 890 2076; x_wconf 88' lang='lat' dir='ltr'>acerrimum</span> <span class='ocrx_word' id='word_1_217' title='bbox 913 2046 1235 2091; x_wconf 85' lang='lat' dir='ltr'>propugnatorem</span> <span class='ocrx_word' id='word_1_218' title='bbox 1266 2052 1373 2078; x_wconf 90' lang='lat' dir='ltr'>com-</span> 
     </span>
     <span class='ocr_line' id='line_1_33' title="bbox 250 2091 1370 2153; baseline 0.003 -24"><span class='ocrx_word' id='word_1_219' title='bbox 250 2091 380 2129; x_wconf 80' lang='lat' dir='ltr'>munis</span> <span class='ocrx_word' id='word_1_220' title='bbox 416 2091 615 2153; x_wconf 77' lang='lat' dir='ltr'>libertatis,</span> <span class='ocrx_word' id='word_1_221' title='bbox 658 2092 690 2130; x_wconf 88' lang='lat' dir='ltr'>si</span> <span class='ocrx_word' id='word_1_222' title='bbox 724 2092 910 2130; x_wconf 87' lang='lat' dir='ltr'>occasioni</span> <span class='ocrx_word' id='word_1_223' title='bbox 945 2094 1128 2144; x_wconf 88' lang='lat' dir='ltr'>potuisset</span> <span class='ocrx_word' id='word_1_224' title='bbox 1164 2106 1370 2132; x_wconf 87' lang='lat' dir='ltr'>occurrere.</span> 
     </span>
     <span class='ocr_line' id='line_1_34' title="bbox 250 2143 1372 2197; baseline 0.003 -15"><span class='ocrx_word' id='word_1_225' title='bbox 250 2143 373 2193; x_wconf 89' lang='lat' dir='ltr'>Nam,</span> <span class='ocrx_word' id='word_1_226' title='bbox 394 2145 477 2196; x_wconf 88' lang='lat' dir='ltr'>qui,</span> <span class='ocrx_word' id='word_1_227' title='bbox 496 2145 537 2183; x_wconf 90' lang='lat' dir='ltr'>in</span> <span class='ocrx_word' id='word_1_228' title='bbox 554 2145 709 2184; x_wconf 71' lang='lat' dir='ltr'>Achaia</span> <span class='ocrx_word' id='word_1_229' title='bbox 726 2158 962 2197; x_wconf 89' lang='lat' dir='ltr'>congressus,</span> <span class='ocrx_word' id='word_1_230' title='bbox 983 2148 1030 2185; x_wconf 89' lang='lat' dir='ltr'>P.</span> <span class='ocrx_word' id='word_1_231' title='bbox 1047 2147 1250 2185; x_wconf 88' lang='lat' dir='ltr'>Dolabella</span> <span class='ocrx_word' id='word_1_232' title='bbox 1267 2147 1372 2185; x_wconf 88' lang='lat' dir='ltr'>mili-</span> 
     </span>
     <span class='ocr_line' id='line_1_35' title="bbox 249 2199 1368 2252; baseline 0.004 -16"><span class='ocrx_word' id='word_1_233' title='bbox 249 2203 306 2236; x_wconf 87' lang='lat' dir='ltr'>tes</span> <span class='ocrx_word' id='word_1_234' title='bbox 331 2205 446 2250; x_wconf 85' lang='lat' dir='ltr'>atque</span> <span class='ocrx_word' id='word_1_235' title='bbox 473 2199 618 2251; x_wconf 68' lang='lat' dir='ltr'>equitae</span> <span class='ocrx_word' id='word_1_236' title='bbox 635 2200 812 2246; x_wconf 76' lang='lat' dir='ltr'>habente,</span> <span class='ocrx_word' id='word_1_237' title='bbox 842 2200 1004 2252; x_wconf 86' lang='lat' dir='ltr'>quodvis</span> <span class='ocrx_word' id='word_1_238' title='bbox 1026 2200 1130 2239; x_wconf 88' lang='lat' dir='ltr'>adire</span> <span class='ocrx_word' id='word_1_239' title='bbox 1153 2201 1368 2252; x_wconf 84' lang='lat' dir='ltr'>periculum</span> 
     </span>
     <span class='ocr_line' id='line_1_36' title="bbox 248 2252 1363 2304; baseline 0.005 -16"><span class='ocrx_word' id='word_1_240' title='bbox 248 2263 295 2292; x_wconf 84' lang='lat' dir='ltr'>ex</span> <span class='ocrx_word' id='word_1_241' title='bbox 326 2252 473 2292; x_wconf 81' lang='lat' dir='ltr'>insidiis</span> <span class='ocrx_word' id='word_1_242' title='bbox 503 2252 732 2304; x_wconf 87' lang='lat' dir='ltr'>paratissimi</span> <span class='ocrx_word' id='word_1_243' title='bbox 756 2253 804 2292; x_wconf 86' lang='lat' dir='ltr'>ad</span> <span class='ocrx_word' id='word_1_244' title='bbox 828 2254 961 2293; x_wconf 88' lang='lat' dir='ltr'>omnia</span> <span class='ocrx_word' id='word_1_245' title='bbox 985 2254 1141 2294; x_wconf 87' lang='lat' dir='ltr'>latronis</span> <span class='ocrx_word' id='word_1_246' title='bbox 1172 2254 1363 2302; x_wconf 86' lang='lat' dir='ltr'>maluerit,</span> 
     </span>
    </p>
   </div>
  </div>
 </body>
</html>
