1498 2401
436 91 520 130 AD
548 91 814 131 BRUTUM.
844 91 1004 131 EPIST.
1038 89 1099 129 16.
1251 89 1332 134 367

266 198 356 239 Hoc
383 206 442 248 tu,
476 199 625 250 Cicero,
652 213 764 253 posse
790 200 922 239 fateris
955 198 1181 247 Octavium,
1214 204 1252 237 et
1283 196 1342 236 illi

211 253 360 292 amicus
390 257 461 294 es?
491 262 573 303 aut,
605 255 637 293 si
654 268 718 293 me
737 268 870 293 carum
887 255 1021 304 habes,
1050 253 1106 292 vis
1126 253 1267 291 Romae
1285 252 1343 290 vi-

211 307 308 356 deri,
328 321 434 356 cum,
454 316 499 347 ut
516 309 572 347 ibi
591 322 670 348 esse
688 322 855 360 possem,
877 307 1205 347 commendandus
1223 318 1345 358 puero

211 361 271 400 illi
289 362 430 401 fuerim
452 366 469 402 Ρ
499 363 577 402 Cui
601 363 697 415 quid
722 363 803 415 agis
822 363 977 415 gratias,
1005 363 1050 411 si,
1071 370 1116 400 ut
1134 374 1203 399 nos
1223 361 1345 399 salvos

213 429 293 455 esse
311 417 404 455 velit
423 429 460 456 et
478 418 663 469 patiatur,
682 417 898 469 rogandum
917 425 1030 469 putas
1048 419 1065 455 Ρ
1094 418 1163 454 An
1183 415 1256 453 hoc
1274 428 1344 466 pro

213 471 398 510 beneficio
418 480 473 510 est
491 472 731 520 habendum,
753 472 859 524 quod
884 485 937 520 se,
959 484 1077 523 quam
1107 469 1344 517 Antonium,

214 538 294 564 esse
326 526 520 575 maluerit,
555 540 578 564 a
610 539 688 578 quo
713 526 785 564 ista
810 526 975 578 petenda
1000 526 1157 564 essent?
1187 523 1347 563 Vindici

215 579 375 632 quidem
413 581 548 619 alienae
584 580 871 628 dominationis,
910 593 989 618 non
1027 579 1180 625 vicario,
1216 577 1346 630 ecquis

213 635 419 686 supplicat,
446 642 491 674 ut
520 635 666 687 optime
685 634 831 673 meritis
849 634 898 673 de
922 633 1120 686 republica
1137 632 1249 671 liceat
1268 645 1347 671 esse

214 689 328 728 salvis
345 692 362 728 Ρ

270 744 353 782 Ista
382 757 471 784 vero
499 745 744 784 imbecillitas
770 751 808 783 et
836 742 1050 797 desperatio
1075 743 1204 795 (cujus
1233 742 1348 794 culpa

215 810 295 837 non
313 799 437 850 magis
456 800 497 838 in
528 807 565 838 te
591 800 744 847 residet,
765 813 884 851 quam
909 800 950 837 in
977 798 1159 837 omnibus
1186 797 1288 845 aliis)
1311 804 1348 835 et

219 852 412 893 Caesarem
431 854 472 892 in
493 854 743 906 cupiditatem
772 854 880 905 regni
898 853 1070 905 impulit,
1101 860 1138 891 et
1155 850 1348 899 Antonio,

216 915 304 961 post
335 908 536 947 interitum
559 909 682 957 illius,
714 908 915 961 persuasit,
943 916 988 946 ut
1005 906 1193 946 interfecti
1220 907 1351 944 locum

217 976 404 1014 occupare
423 971 623 1002 conaretur
640 978 650 1002 ε
683 972 720 1002 et
739 975 844 1001 nunc
871 975 1039 1015 puerum
1057 961 1177 999 istum
1197 960 1350 1007 extulit,

217 1024 263 1056 ut
282 1026 325 1056 tu
353 1017 558 1068 judicares,
579 1018 756 1070 precibus
776 1031 856 1056 esse
885 1016 1168 1069 impetrandam
1188 1015 1351 1054 salutem

217 1072 362 1110 talibus
377 1072 467 1111 viris
485 1087 497 1119 3
528 1072 861 1125 misericordiaque
881 1073 1011 1119 unius,
1028 1071 1094 1109 vix
1113 1070 1229 1108 etiam
1248 1082 1353 1108 nunc

219 1127 306 1175 viri,
329 1134 430 1165 tutos
449 1127 530 1166 fore
549 1141 633 1175 nos,
654 1127 761 1165 haud
787 1126 869 1165 ulla
894 1127 971 1165 alia
989 1139 1040 1165 re.
1071 1125 1190 1172 Quod
1210 1124 1241 1163 si
1270 1124 1352 1162 Ro-

219 1194 355 1220 manos
373 1194 443 1220 nos
462 1196 541 1221 esse
559 1182 884 1229 meminissemus,
914 1194 992 1219 non
1026 1179 1209 1218 audacius
1229 1178 1355 1217 domi-

220 1236 305 1274 nari
336 1245 518 1288 cuperent
549 1237 733 1288 postremi
758 1237 948 1284 homines,
977 1247 1097 1288 quam
1116 1234 1157 1271 id
1179 1246 1248 1272 nos
1266 1246 1355 1285 pro=

221 1291 470 1337 hiberemus;
501 1305 627 1343 neque
656 1291 780 1342 magis
817 1291 987 1329 irritatus
1025 1296 1121 1328 esset
1156 1287 1355 1326 Antonius

221 1358 340 1396 regno
361 1345 536 1395 Caesaris,
554 1359 674 1398 quam
693 1348 742 1384 ob
764 1346 935 1396 ejusdem
955 1351 1120 1383 mortem
1140 1342 1355 1381 deterritus.

278 1399 345 1438 Tu
372 1401 531 1452 quidem
550 1400 773 1448 consularis,
795 1408 832 1439 et
850 1407 1046 1439 tantorum
1067 1397 1252 1436 scelerum
1271 1396 1357 1435 vin-

223 1454 313 1501 dex,
341 1455 501 1506 (quibus
525 1455 728 1507 oppressis,
753 1468 897 1500 vereor,
924 1467 974 1492 ne
996 1454 1036 1491 in
1063 1454 1178 1491 breve
1201 1459 1356 1502 tempus

222 1509 342 1547 dilata
361 1509 410 1548 sit
427 1511 495 1548 abs
515 1517 552 1549 te
567 1509 768 1561 pernicies)
789 1510 858 1561 qui
878 1518 987 1561 potes
1005 1506 1147 1545 intueri
1167 1519 1254 1558 quae
1273 1519 1358 1557 ges-

225 1563 331 1612 seris,
364 1564 482 1602 simul
514 1572 552 1604 et
580 1564 655 1603 ista
685 1565 746 1602 vel
770 1565 946 1616 probare,
973 1563 1035 1601 vel
1053 1562 1108 1600 ita
1133 1560 1296 1600 demisse
1315 1572 1359 1599 ac

224 1618 336 1657 facile
354 1619 450 1670 pati,
471 1626 516 1658 ut
533 1619 730 1672 probantis
760 1619 924 1670 speciem
943 1615 1114 1656 habeas?
1144 1614 1264 1663 Quod
1290 1628 1360 1653 au-

225 1679 305 1711 tem
338 1673 409 1712 tibi
439 1687 530 1712 cum
570 1673 747 1712 Antonio
779 1674 975 1725 privatum
1009 1671 1143 1710 odium
1160 1672 1177 1709 ⁴?
1218 1682 1359 1720 nempe

226 1727 319 1779 quia
337 1729 557 1778 postulabat
573 1729 671 1776 haec,
692 1728 856 1767 salutem
885 1729 934 1766 ab
954 1740 994 1766 se
1011 1726 1116 1778 peti;
1146 1724 1359 1776 precariam

225 1794 296 1820 nos
324 1781 630 1821 incolumitatem
649 1783 804 1832 habere,
825 1796 848 1821 a
870 1782 1012 1834 quibus
1033 1781 1114 1832 ipse
1141 1780 1359 1818 libertatem

226 1836 432 1888 accepisset
447 1851 459 1883 3
490 1850 568 1876 esse
583 1837 785 1876 arbitrium
800 1849 916 1876 suum
935 1836 982 1875 de
994 1834 1204 1887 republica.
1239 1832 1361 1880 Quae-

224 1891 344 1930 renda
363 1904 442 1930 esse
460 1905 568 1930 arma
586 1892 746 1944 putasti,
772 1891 914 1944 quibus
933 1889 1124 1929 dominari
1142 1887 1363 1940 prohibere-

226 1951 318 1991 tur;
351 1945 504 1995 scilicet,
525 1953 584 1993 ut,
611 1946 679 1985 illo
697 1946 907 1998 prohibito,
934 1955 1158 1996 rogaremus
1177 1942 1359 1988 alterum,

227 2000 298 2052 qui
317 2013 358 2039 se
375 2000 416 2038 in
436 2001 519 2051 ejus
536 2001 666 2039 locum
684 2001 819 2053 reponi
836 2007 1043 2052 pateretur,
1060 2011 1110 2036 an
1129 2003 1174 2035 ut
1194 2003 1290 2035 esset
1302 1994 1362 2033 sui

225 2054 325 2105 juris
354 2068 399 2093 ac
420 2055 605 2107 mancipii
623 2055 840 2107 respublica
856 2057 873 2094 Ρ
903 2053 978 2092 nisi
996 2053 1094 2091 forte
1118 2064 1197 2090 non
1216 2050 1265 2089 de
1283 2062 1361 2088 ser-

228 2108 365 2158 vitute,
391 2109 458 2148 sed
484 2109 533 2148 de
558 2109 775 2149 conditione
799 2108 1001 2157 serviendi,
1022 2114 1241 2146 recusatum
1269 2111 1326 2143 est
1339 2117 1364 2142 a

230 2164 353 2202 nobis.

284 2219 412 2271 Atqui
430 2231 507 2259 non
527 2220 654 2259 solum
672 2222 774 2260 bono
793 2218 951 2260 domino
969 2217 1169 2271 potuimus
1187 2213 1362 2254 Antonio
