1477 2365
255 65 311 102 22
457 66 537 105 AD
565 67 851 108 ATTICUM.
880 68 982 107 Lm.
1002 68 1080 108 IX.
1112 71 1175 107 10.

254 171 368 210 tionis
383 173 430 212 ⁶:³⁹⁹
460 175 548 214 Hoc
570 175 668 214 mihi
691 176 805 228 plane
831 176 964 216 haesit:
995 183 1032 215 et
1049 189 1154 215 nunc
1170 175 1225 214 ita
1242 172 1368 222 video,

252 225 448 265 infinitum
467 230 615 268 bellum
630 232 810 280 junctum
829 230 1042 270 miserrima
1058 230 1167 282 fuga,
1193 240 1312 281 quam
1326 235 1371 266 tu

254 281 597 331 peregrinationem
617 285 816 335 ύποκοριζῃ.

307 335 488 386 Sequitur
508 353 677 389 χρησμος
694 338 758 377 VI
774 339 931 379 Calend.
945 338 1195 378 Februarias:
1219 338 1248 359 ‘⁶
1263 335 1366 387 Ego,

252 387 283 425 si
305 388 512 440 Pompeius
532 400 662 429 manet
683 393 725 430 in
744 393 876 441 Italia,
902 406 972 432 nec
995 405 1054 431 res
1081 392 1130 430 ad
1154 390 1369 442 pactionem

251 442 369 490 venit,
389 443 541 495 longius
565 446 713 484 bellum
738 456 834 498 puto
861 447 965 485 fore:
997 446 1054 484 sin
1081 446 1235 484 Italiam
1254 443 1369 482 relin-

250 496 349 546 quit,
376 497 425 534 ad
449 506 644 550 posterum
667 501 813 540 bellum
840 501 1010 538 acm-,8011
1029 500 1125 538 strui
1150 496 1354 537 existimo.’

250 549 384 600 Hujus
406 552 523 603 igitur
546 553 636 591 belli
661 566 731 605 ego
755 554 942 606 particeps
961 561 998 593 et
1023 554 1144 592 socius
1163 560 1200 591 et
1218 551 1370 601 adjuvor

249 616 331 642 esse
351 617 476 656 cogor,
501 607 606 658 quod
625 614 662 645 et
682 609 853 646 ασπονδον
873 616 942 657 est,
963 615 1000 647 et
1018 621 1106 646 cum
1126 607 1282 645 civibus.

304 657 456 698 Deinde
475 661 537 698 VI
544 661 563 698 Ι
584 661 679 699 Idus
699 662 939 711 Februarias,
960 675 1049 700 cum
1064 663 1146 711 jam
1165 661 1278 712 plura
1297 671 1370 697 au-

248 711 347 750 dires
367 712 415 751 de
434 714 610 766 Pompeii
629 716 798 764 consilio,
814 716 1007 755 concludis
1018 715 1218 767 epistolam
1229 724 1371 765 quam-

247 765 338 803 dam
357 765 429 805 hoc
447 769 587 807 modo:
621 771 649 791 “
669 769 756 820 Ego
771 770 928 822 quidem
947 770 1018 808 tibi
1035 782 1113 807 non
1132 769 1204 807 sim
1219 773 1365 815 auctor,

248 819 280 856 si
300 820 508 872 Pompeius
529 822 685 861 Italiam
704 824 900 875 relinquit,
921 832 958 862 te
976 836 1129 875 quoque
1147 820 1364 874 profugere.

247 874 412 913 Summo
444 878 547 915 enim
575 877 743 927 periculo
780 878 908 926 facies,
939 890 1009 916 nec
1036 876 1255 928 reipublicae
1275 886 1366 926 pro-

244 927 343 966 deris
360 943 372 975 ς
413 930 476 968 cui
512 930 669 981 quidem
704 932 890 982 posterius
925 931 1067 982 poteris
1105 929 1296 983 prodesse,
1333 926 1369 966 si

245 982 471 1021 manseris.'’
511 985 644 1032 Quem
672 992 889 1034 φιλοπατριν
915 998 960 1024 ac
986 991 1174 1023 πολιτικον
1197 980 1366 1021 hominis

245 1036 444 1086 prudentis
464 1045 501 1076 et
519 1038 646 1087 amici,
667 1038 734 1076 tali
753 1038 966 1088 admonitu,
986 1051 1064 1077 non
1088 1043 1259 1076 moveret
1276 1048 1368 1076 auc-

247 1090 377 1128 toritas
395 1093 412 1129 Ρ

301 1143 495 1196 Deinceps
513 1146 586 1185 III
606 1145 701 1185 Idus
719 1146 902 1185 Februar.
927 1146 1069 1186 iterum
1092 1145 1191 1185 mihi
1208 1155 1367 1196 respon-

245 1197 312 1235 des
330 1200 558 1248 consulenti,
579 1200 631 1239 sic
647 1214 658 1237 z
700 1202 728 1222 ‘⁶
749 1200 868 1248 Quod
887 1201 1025 1253 quaeris
1044 1214 1066 1238 a
1083 1213 1162 1248 me,
1181 1199 1365 1249 fugamne

249 1250 404 1301 [fidam,
434 1266 484 1291 an
514 1267 663 1292 moram
683 1254 964 1307 deserendam,]
985 1254 1177 1293 utiliorem
1200 1259 1363 1305 putem;

244 1319 315 1356 ego
334 1320 422 1346 vero
440 1308 481 1345 in
506 1308 709 1359 praesentia
731 1308 904 1347 subitum
922 1309 1143 1357 discessum,
1167 1316 1204 1346 et
1231 1305 1367 1358 praeci-

242 1360 363 1410 pitem
381 1361 667 1412 profectionem,
688 1375 778 1400 cum
795 1363 878 1411 tibi,
897 1369 983 1401 tum
1001 1362 1074 1415 ipsi
1093 1362 1225 1410 Cnaeo,
1245 1358 1366 1398 inuti-

242 1414 321 1452 lem
349 1422 386 1452 et
412 1416 665 1466 periculosam
693 1424 814 1468 puto:
851 1424 890 1455 et
917 1417 1035 1456 satius
1061 1429 1141 1456 esse
1169 1414 1361 1462 existimo,

242 1480 309 1505 vos
345 1468 574 1520 dispertitos,
613 1478 650 1508 et
678 1470 719 1509 in
757 1471 935 1523 speculis,
970 1484 1059 1510 esse.
1090 1469 1167 1510 Sed
1194 1467 1361 1514 (medius

241 1520 372 1570 fidius)
392 1530 504 1574 turpe
522 1525 631 1562 nobis
650 1532 746 1576 puto
764 1538 843 1564 esse
861 1525 908 1564 de
925 1525 1021 1577 fuga
1035 1524 1239 1576 cogitare.'’
1272 1522 1361 1562 Hoc

237 1582 350 1627 turpe
370 1576 509 1616 Cnaeus
536 1587 663 1617 noster
688 1579 842 1617 biennio
863 1586 953 1618 ante
976 1579 1179 1630 cogitavit:
1208 1577 1263 1616 ita
1280 1575 1364 1615 sul-

237 1629 370 1668 laturit
389 1631 541 1669 animus
561 1634 642 1682 ejus
662 1640 698 1670 et
721 1633 986 1685 proscripturit
1003 1633 1086 1671 diu.

294 1684 406 1733 Inde,
428 1693 472 1723 ut
491 1687 639 1737 opinor,
660 1700 750 1725 cum
765 1695 807 1726 tu
827 1688 876 1725 ad
893 1700 957 1726 me
971 1687 1151 1739 quaedam
1167 1700 1360 1733 γενικωτε-

237 1751 294 1786 ρον
325 1739 544 1791 scripsisses,
567 1748 604 1779 et
630 1754 700 1791 ego
727 1741 826 1779 mihi
851 1754 875 1780 a
899 1748 936 1780 te
954 1741 1133 1793 quaedam
1153 1737 1359 1791 significari

235 1791 447 1841 putassem,
485 1802 529 1832 ut
563 1795 679 1833 Italis
707 1795 904 1841 cederem;
948 1795 1142 1834 detestaris
1171 1794 1245 1832 hoc
1267 1791 1361 1831 dili-

235 1853 369 1894 genter
398 1847 464 1884 XI
484 1848 642 1886 Calend.
665 1849 853 1888 Martias:
886 1852 922 1900 68
934 1849 1023 1900 Ego
1041 1862 1129 1888 vero
1146 1847 1257 1886 nulla
1276 1845 1358 1898 epi-

236 1899 334 1938 stola
354 1900 576 1951 significavi,
605 1903 637 1941 si
661 1903 800 1941 Cnaeus
821 1903 938 1941 Italia
965 1903 1125 1950 cederet,
1145 1909 1190 1940 ut
1209 1909 1252 1940 tu
1275 1900 1357 1939 una

234 1953 384 1992 cederes
400 1969 410 1992 z
441 1963 522 2003 aut,
544 1957 575 1994 si
591 1956 813 2007 significavi,
832 1970 911 1995 non
930 1957 1028 2005 dico,
1048 1956 1106 1994 fui
1123 1957 1355 2002 immistam,

234 2006 301 2044 sed
320 2007 516 2047 demens.'’
557 2010 607 2048 In
627 2010 759 2049 ezidem
787 2011 961 2062 epistola,
987 2011 1062 2049 alio
1080 2010 1177 2058 1000,
1199 2013 1227 2032 ‘⁶
1243 2007 1356 2048 Nihil

235 2061 478 2113 relinquitur,
510 2063 583 2102 nisi
612 2064 706 2116 fuga
722 2079 732 2102 ε
779 2065 840 2103 cui
876 2072 914 2104 te
945 2065 1092 2104 socium
1128 2063 1356 2116 neutiquam

233 2122 330 2165 puto
349 2129 429 2155 esse
447 2125 631 2168 oportere,
653 2131 722 2158 nec
740 2131 915 2170 unquam
932 2118 1109 2171 putavi.”

291 2168 434 2209 Totam
454 2179 583 2210 autem
599 2172 698 2211 hanc
716 2173 1026 2218 deliberationem
1045 2172 1188 2212 evolvis
1203 2182 1358 2211 accura-
