1498 2401
335 105 419 145 AD
447 104 740 150 AT'HCUM.
768 105 870 145 Lm.
889 104 1012 146 XIV.
1043 108 1084 150 8.,
1214 108 1291 146 183

157 214 368 266 gaudeant,
394 222 440 254 ut
472 214 522 254 ad
551 227 615 253 me
644 215 886 263 concurrant,
907 223 952 253 ut
981 215 1114 255 audire
1133 216 1292 268 cupiant

155 270 277 308 verba
292 281 382 308 mea
399 268 444 308 ea
462 269 511 308 de
536 282 605 315 re;
636 282 706 308 nec
738 270 821 308 ulla
849 270 994 308 interea
1022 271 1183 310 decreta.
1227 270 1291 310 Sic

157 323 264 363 enim
284 323 594 372 πεπολιτευμεθα,
615 331 661 362 ut
679 324 798 363 victos
816 331 1086 364 metueremus.

212 377 312 416 Haec
330 377 380 416 ad
394 385 432 417 te
451 378 597 430 scripsi,
617 378 794 430 apposita
812 379 980 417 secunda
997 380 1155 418 mensa:
1178 380 1293 431 plura

158 438 200 471 et
229 440 507 484 πολιτικωτερα
532 440 688 485 postea:
721 441 759 472 et
788 441 848 483 tu,
878 433 974 486 quid
993 448 1098 486 agas,
1120 434 1292 487 quidque

161 495 315 539 agatur.

399 650 485 701 (7.)
515 650 733 693 CICERO
764 651 982 694 ATTICO
1012 653 1054 692 S.

213 760 402 799 Postridie
417 760 514 801 Idus
529 762 701 801 Paulum
715 762 757 801 in
777 762 911 801 Caieta
930 762 1021 801 vidi.
1053 761 1094 800 Is
1112 761 1224 811 mihi,
1246 762 1293 801 de

157 813 291 853 Blario
319 823 357 854 et
374 815 423 855 de
441 829 482 855 re
499 817 673 869 publica,
701 817 778 856 alia
802 817 983 870 quaedam
1003 829 1093 855 sane
1111 817 1290 868 pessima.

157 869 196 907 A
216 877 254 908 te
272 869 415 909 scilicet
437 871 561 910 nihil:
594 884 710 911 nemo
735 872 840 910 enim
859 885 1049 911 meorum.
1091 871 1168 911 Sed
1186 871 1292 910 Bru-

152 930 242 962 tum
262 932 439 964 nostrum
456 926 573 965 audio
585 926 711 966 visum
727 928 799 966 sub
813 926 1003 965 Lanuvio.
1035 926 1116 965 Ubi
1135 926 1293 965 tandem

156 986 214 1017 est
224 978 381 1018 futurus
397 982 415 1019 ?
444 993 537 1019 nam
552 994 642 1020 cum
655 981 817 1033 reliqua,
839 989 924 1019 tum
940 981 988 1019 de
1003 981 1075 1019 hoc
1087 980 1183 1019 scire
1198 994 1292 1019 aveo

153 1033 300 1072 omnia.
330 1033 433 1086 Ego,
447 1048 468 1074 e
486 1035 696 1074 Formiano
714 1036 845 1075 exiens
863 1036 995 1075 XVII
1018 1034 1225 1084 calendas,
1248 1042 1293 1073 ut

155 1087 248 1127 inde
262 1089 381 1127 altero
397 1089 459 1128 die
477 1089 518 1128 in
539 1090 816 1139 Puteolanum,
833 1090 965 1143 scripsi
978 1090 1073 1129 haec.

210 1143 252 1182 A
275 1141 459 1183 Cicerone
486 1145 585 1182 mihi
606 1145 727 1184 literae
752 1158 843 1184 sane
862 1160 1117 1193 πεπινωμεναι,
1139 1152 1177 1183 et
1195 1146 1293 1184 bene

154 1197 294 1249 longae.
326 1197 477 1238 Caetera
495 1207 627 1238 autem
657 1200 718 1238 vel
747 1200 843 1252 fingi
872 1207 1058 1254 possunt:
1089 1214 1186 1244 πιγος
1203 1199 1290 1239 lite-

150 1264 288 1292 rarum
301 1253 491 1305 significat
509 1254 730 1293 doctiorem.

210 1307 251 1345 N
255 1320 331 1346 unc
349 1321 582 1361 magnopere
601 1323 624 1347 a
643 1317 680 1348 te
699 1317 801 1361 peto,
819 1308 886 1362 (de
898 1322 977 1361 quo
992 1321 1079 1348 sum
1098 1321 1222 1360 nuper
1235 1316 1292 1348 te-

154 1374 245 1400 cum
264 1362 436 1413 locutus)
454 1371 498 1401 ut
516 1363 645 1402 videas
664 1377 712 1402 ne
735 1364 832 1416 quid
857 1364 891 1402 ei
910 1363 1020 1402 desit.
1052 1363 1101 1402 Id
1120 1376 1211 1402 cum
1240 1364 1289 1403 ad

152 1416 323 1455 officium
340 1426 515 1456 nostrum
530 1419 711 1471 pertinet,
733 1427 818 1457 tum
839 1418 889 1456 ad
909 1418 1232 1457 existimationem
1253 1427 1290 1458 et

152 1470 411 1523 dignitatem:
443 1474 548 1525 quod
566 1473 670 1512 idem
690 1474 865 1512 intellexi
883 1472 955 1512 tibi
974 1472 1094 1511 videri
1113 1474 1289 1512 omnino.

153 1526 197 1566 Si
225 1539 315 1579 ergo
341 1535 411 1576 est,
431 1528 518 1566 volo
544 1541 675 1568 mense
700 1528 872 1578 Quintili
890 1527 931 1566 in
957 1527 1161 1566 Graeciam.
1203 1528 1290 1568 Sint

152 1581 486 1621 omniafaciliora.
517 1583 609 1632 Sed,
636 1596 727 1622 cum
752 1583 828 1622 sint
854 1596 898 1621 ea
926 1590 1114 1634 tempora,
1135 1590 1181 1621 ut
1198 1584 1291 1622 certi

152 1635 253 1674 nihil
271 1649 351 1676 esse
368 1637 500 1689 possit,
519 1639 614 1691 quid
625 1638 831 1678 honestum
844 1637 945 1676 mihi
963 1638 1024 1682 sit,
1047 1637 1143 1690 quid
1161 1637 1289 1686 liceat,

156 1690 254 1742 quid
273 1692 477 1744 expediat3
507 1707 654 1745 quaeso,
686 1693 737 1732 da
764 1706 936 1746 operam,
957 1700 1002 1731 ut
1026 1692 1141 1731 illum
1172 1706 1293 1745 quam

156 1745 426 1787 honestissime
443 1748 777 1802 copiosissimeque
796 1756 990 1786 tueamur.

154 1827 158 1832 ·
211 1799 325 1849 Haec,
353 1808 390 1840 et
407 1809 542 1842 caetera
561 1817 649 1857 quae
677 1803 728 1842 ad
746 1815 815 1842 nos
833 1803 1096 1855 pertinebunt,
1116 1809 1162 1841 ut
1180 1803 1293 1850 soles,

156 1854 344 1906 cogitabis
360 1871 371 1895 ε
402 1856 452 1895 ad
481 1870 637 1910 meque,
668 1866 737 1896 aut
766 1858 873 1910 quod
901 1857 951 1896 ad
978 1871 1060 1896 rem
1090 1857 1292 1910 pertineat,

152 1918 238 1959 aut,
259 1910 292 1949 si
311 1910 410 1949 nihil
428 1912 513 1962 erit,
539 1913 645 1966 quod
663 1913 704 1950 in
724 1914 887 1952 buccam
906 1913 1067 1962 venerit,
1088 1913 1240 1952 scribes.

395 2075 485 2125 (8.)
514 2074 731 2116 CICERO
759 2074 986 2116 ATTICO
1016 2076 1059 2116 S.

211 2181 279 2222 Tu
293 2196 358 2222 me
366 2185 452 2235 jam
467 2187 618 2232 rebare,
637 2199 728 2225 cum
740 2187 946 2233 scribebas,
958 2185 1000 2223 in
1012 2183 1107 2223 actis
1118 2196 1198 2223 esse
1211 2197 1300 2224 nos-

159 2237 228 2276 tris
244 2253 256 2277 ε
287 2247 325 2277 et
344 2252 415 2292 ego
434 2241 563 2294 accepi
582 2241 714 2280 X-VII
737 2239 824 2281 Cal.
847 2242 890 2280 in
914 2239 1160 2286 diversoriolo
1178 2239 1300 2286 Sinu-
