1513 2370
357 72 442 114 AD
467 71 759 113 ATTICUM.
788 72 891 112 Lm.
910 71 1015 112 XII.
1044 73 1110 111 42.
1225 72 1298 110 131

172 185 261 235 nisi,
275 195 354 224 non
371 182 471 233 dico,
488 182 666 222 effectum
686 182 771 232 erit,
792 182 858 221 sed
875 183 957 221 fieri
975 182 1130 229 videro;
1152 180 1303 220 audebo

172 241 247 280 hoc
263 239 387 279 dicere
413 240 468 283 (et
486 244 546 287 tu,
566 245 612 277 ut
637 238 748 287 soles,
782 237 958 290 accipies)
977 236 1187 276 incursabit
1204 236 1245 274 in
1264 243 1303 275 te

171 295 280 334 dolor
297 307 424 343 meus,
447 305 527 332 non
556 293 644 343 jure
662 293 727 331 ille
746 291 930 345 quidem;
962 292 1028 331 sed
1053 300 1184 330 tamen
1203 291 1302 329 feres

170 349 243 388 hoc
260 349 404 401 ipsum,
426 347 532 400 quod
551 347 687 397 scribo,
703 354 747 386 ut
762 347 893 385 omnia
910 360 998 385 mea
1015 347 1090 385 fers
1105 360 1148 385 ac
1165 345 1301 384 tulisti.

175 404 325 444 Omnes
339 410 425 441 tuas
445 401 718 441 consolationes
737 414 857 440 unam
875 402 975 440 hanc
993 401 1034 439 in
1053 414 1149 449 rem,
1170 400 1303 448 velim,

169 457 354 498 conferas.
385 457 428 497 Si
446 457 599 509 quaeris‚
621 456 717 509 quid
735 464 885 508 optem:
916 455 1089 508 primum
1110 454 1300 507 Scapulae‚

169 512 307 552 deinde
323 511 496 557 Clodiae3
526 519 672 564 postea,
693 512 725 550 si
751 511 870 551 Silius
890 511 1007 558 nolet,
1032 510 1188 549 Drusus
1214 516 1302 560 aget

166 567 324 618 injuste,
355 566 506 606 Cusinii
536 573 573 605 et
601 565 797 605 Trebonii.
830 565 934 604 Puto
960 565 1191 604 Terentium
1222 576 1302 602 esse

168 622 397 670 dominum;
418 620 605 660 Rebilum
621 621 736 660 fuisse
756 627 857 660 certo
877 620 965 659 scio.
996 620 1066 658 Sin
1085 629 1216 658 autem
1230 618 1302 656 tibi

168 677 443 716 Tusculanum
460 676 599 728 placet,
613 683 657 714 ut
676 675 899 727 significasti
912 674 1146 727 quibusdam
1164 673 1300 719 literis,

167 731 240 771 tibi
256 731 451 771 assentiar.
481 730 570 769 Hoc
589 730 747 782 quidem
767 730 902 781 utique
920 729 1106 781 perficies,
1127 728 1159 767 si
1172 741 1236 779 me
1247 728 1303 765 le-

170 787 251 825 vari
269 787 351 832 vis3
373 798 491 838 quem
507 786 590 835 jam
610 785 726 823 etiam
741 785 894 836 gravius
909 796 1076 831 accusas,
1093 795 1212 835 quam
1230 796 1302 834 pa-

171 841 265 880 titur
283 849 351 879 tua
364 839 623 878 consuetudo:
646 839 712 878 sed
730 839 822 877 facis
838 851 992 877 summo
1012 851 1155 885 amore,
1177 845 1214 875 et
1225 837 1303 875 vic-

171 902 234 934 tus
262 895 418 934 fortasse
436 894 529 933 vitio
554 907 665 932 meo:
697 893 762 932 sed
788 901 932 940 tamen,
953 892 986 930 si
1011 905 1074 931 me
1092 892 1212 930 levari
1230 891 1301 940 vis,

171 949 253 989 haec
267 956 323 988 est
338 962 492 988 summa
506 948 661 997 levatio,
674 948 735 986 vel
755 947 802 991 (si
817 960 952 986 verum
971 946 1066 985 scire
1085 945 1160 996 vis)
1182 958 1274 984 una.

228 1003 351 1043 Hirtii
370 1003 571 1056 epistolam
601 1002 633 1041 si
657 1003 808 1054 legeris,
839 1015 927 1053 quae
956 1001 1055 1039 mihi
1079 1000 1192 1053 quasi
1212 1015 1303 1051 προ-

174 1065 340 1107 πλασμα
377 1057 528 1097 videtur
561 1059 644 1108 ejus
687 1055 975 1109 vituperationis
1013 1068 1133 1107 quam
1173 1053 1303 1094 Caesar

171 1113 321 1165 scripsit
349 1112 398 1152 de
425 1111 601 1157 Catone3
631 1111 745 1151 facies
774 1124 852 1159 me,
880 1109 975 1163 quid
1002 1110 1074 1149 tibi
1092 1109 1219 1149 visum
1239 1109 1301 1158 sit,

171 1168 225 1222 (si
239 1167 309 1207 tibi
328 1167 399 1207 erit
417 1167 682 1214 commodum)
704 1165 916 1205 certiorem.

225 1222 358 1262 Redeo
377 1222 428 1261 ad
445 1222 596 1261 fanum.
627 1221 717 1260 Nisi
735 1221 808 1260 hac
827 1226 956 1260 aestate
975 1218 1197 1258 absolutum
1213 1218 1299 1267 erit,

169 1290 291 1330 quam
309 1277 414 1316 vides
439 1277 630 1329 integram
655 1283 810 1326 restare,
840 1275 978 1315 scelere
1004 1285 1069 1313 me
1095 1274 1302 1314 liberatum

170 1344 250 1372 non
267 1333 426 1386 putabo.

392 1495 509 1551 (42.)
541 1494 756 1537 CICERO
785 1492 998 1534 ATTICO
1029 1494 1070 1532 S.

227 1607 399 1648 Nullum
417 1620 441 1646 a
463 1613 502 1645 te
520 1605 732 1646 desideravi
745 1605 849 1644 diem
867 1604 1091 1643 literarum:
1122 1601 1300 1642 videbam

171 1662 278 1703 enim
297 1676 385 1714 quae
411 1661 569 1702 scribis:
600 1669 638 1700 et
665 1669 796 1700 tamen
829 1659 1063 1711 suspicabar,
1087 1657 1148 1696 vel
1173 1657 1302 1710 potius

173 1717 452 1768 intelligebam,
471 1716 569 1754 nihil
586 1716 718 1765 fuisse,
748 1715 854 1768 quod
883 1714 1074 1753 scriberes.
1104 1713 1154 1751 A.
1175 1712 1213 1750 d.
1235 1711 1300 1751 VI

174 1772 272 1811 Idus
286 1784 375 1811 vero
394 1779 432 1810 et
449 1772 578 1810 abesse
589 1779 626 1810 te
637 1772 839 1824 putabam,
856 1777 893 1809 et
910 1769 1026 1821 plane
1044 1767 1223 1807 videbam
1241 1766 1302 1805 ni·

172 1827 232 1866 hil
245 1834 284 1866 te
300 1826 452 1866 habere.
481 1825 570 1878 Ego
587 1833 719 1865 tamen
737 1825 788 1864 ad
806 1832 843 1863 te
854 1824 934 1863 fere
948 1822 1119 1876 quotidie
1132 1822 1300 1860 mittam.

173 1882 287 1921 Malo
309 1881 414 1920 enim
432 1881 586 1928 frustra,
607 1893 727 1934 quam
751 1887 790 1919 te
814 1892 892 1918 non
910 1879 1064 1926 habere,
1086 1877 1148 1916 cui
1166 1876 1246 1926 des,
1268 1876 1302 1915 si

174 1936 272 1990 quid
299 1935 396 1975 forte
415 1935 478 1986 sit,
503 1935 607 1988 quod
624 1943 736 1988 putes
754 1948 818 1974 me
836 1934 928 1974 scire
946 1940 1129 1985 oportere.
1160 1932 1302 1983 Itaque

173 1990 303 2043 accepi
320 1990 385 2029 VI
410 1989 470 2029 Id.
496 1991 624 2030 literas
647 1998 732 2029 tuas
749 1989 905 2028 inanes:
936 1987 1033 2040 quid
1059 1987 1162 2025 enim
1181 1986 1301 2024 habe-

172 2047 257 2093 bas,
292 2044 397 2097 quod
425 2045 604 2084 scriberes
620 2047 638 2084 Ρ
668 2044 774 2083 Mihi
800 2051 930 2083 tamen
961 2041 1074 2091 illud,
1109 2038 1301 2093 quidquid

172 2106 268 2148 erat,
284 2111 363 2138 non
381 2099 588 2138 molestum
602 2099 691 2149 fuit,
714 2097 832 2149 [nihil
847 2097 954 2137 aliud
972 2096 1065 2136 scire
1082 2096 1184 2148 me,]
1208 2093 1300 2133 novi

174 2161 213 2194 te
226 2153 326 2194 nihil
341 2153 492 2193 habere.

229 2207 420 2260 Scripsisti
437 2216 567 2249 tamen
589 2208 714 2248 nescio
732 2207 827 2260 quid
845 2207 893 2246 de
913 2204 1063 2246 Clodia.
1107 2202 1190 2244 Ubi
1209 2215 1299 2253 ergo
