1498 2401
162 88 244 129 206
353 87 439 128 AD
466 86 757 130 ATTICUM.
785 87 889 128 ιη.
921 78 1043 131 xlv.
1072 74 1146 129 ἐκ

216 197 324 237 Mihi
341 206 474 238 autem
491 199 598 239 venit
621 199 664 238 in
694 206 884 249 mentem,
910 199 943 240 si
973 199 1187 253 Pompeius
1211 211 1306 240 cum

162 253 330 292 exercitu
364 253 479 293 firmo
512 254 655 303 veniat,
682 254 790 307 quod
812 262 868 294 est
901 263 1056 303 ευλογον,
1089 260 1194 294 certo
1222 254 1307 294 fore

163 308 325 347 bellum.
368 308 468 348 Haec
498 321 563 348 me
601 309 743 362 species
779 308 1040 362 cogitatioque
1075 310 1303 362 perturba&

161 373 288 415 neque
300 363 419 412 enim,
433 363 539 416 quod
557 364 628 402 tibi
643 371 729 403 tum
744 363 868 409 licuit,
888 364 1002 403 nobis
1021 376 1127 403 nunc
1142 363 1275 403 licebit
1290 377 1303 402 ε

162 429 255 456 nam
274 426 405 469 aperte
427 418 547 457 laetati
565 431 715 458 sumus.
747 417 902 458 Deinde
915 418 1060 458 habent
1077 418 1117 456 in
1138 431 1218 465 ore,
1234 430 1306 457 nos

161 470 345 523 ingratos.
376 473 502 512 Nullo
517 472 634 512 modo
648 473 793 521 licebit,
811 473 917 526 quod
931 479 1018 511 tum
1034 480 1071 512 et
1090 472 1161 511 tibi
1179 473 1305 520 licuit,

162 534 201 564 et
219 527 368 566 multis.
401 533 478 564 Φαι·
472 543 555 566 off:
561 543 689 565 οσωπτ
682 542 772 572 ,ντεο
794 541 900 578 ergo,
921 535 989 566 eta
979 543 1074 565 ιντεο
1059 528 1131 566 »in
1151 526 1307 566 oestra?

163 579 316 620 Millies
343 581 445 620 mori
471 582 626 630 melius,
659 581 751 620 huic
775 583 989 635 prasertim
1018 580 1308 633 aetati.1taque

164 646 229 674 me
250 634 345 675 Idus
366 636 524 675 Martiae
551 649 630 676 non
650 644 731 676 tarn
752 637 1013 683 consolantur,
1034 649 1160 700 quatu
1181 643 1307 675 antea.

163 689 365 743 Magnum
385 691 490 730 enim
508 691 699 730 mendum
719 692 945 730 continent:
977 691 1049 729 etsi
1066 691 1127 730 illi
1144 692 1308 742 juvenes

293 785 353 816 Α).
359 785 438 823 λοις
461 796 494 816 εν
516 781 648 817 sca->201
639 795 670 822 ις
690 794 748 817 τον
735 777 778 815 »8'
802 777 962 816 απωθουν
949 794 1028 816 νιτα
1017 779 1173 825 ιψογον.

163 859 254 908 Sed,
275 859 306 898 si
324 867 367 897 tu
387 860 527 898 melius
543 859 747 912 quidpiam
762 871 905 911 speras,
926 858 1033 911 quod
1052 866 1090 898 et
1107 859 1223 911 plura
1236 872 1306 898 au-

163 914 236 961 dis,
269 921 308 952 et
337 914 477 953 interes
509 915 693 962 consiliis,
723 915 866 954 scribas
897 914 946 952 ad
972 925 1051 962 me,
1078 914 1223 960 velim·
1256 914 1306 953 si-

164 969 329 1030 rnulque
358 969 515 1020 cogites
537 969 633 1021 quid
653 968 850 1021 agendum
869 968 980 1008 nobis
1000 968 1049 1007 sit
1067 981 1183 1021 super
1199 969 1308 1022 lega·

164 1023 268 1062 tione
288 1023 428 1062 votiva.
459 1023 688 1076 Equidem
677 1037 719 1062 m
744 1023 806 1062 his
824 1023 918 1062 locis
935 1035 1095 1063 moneor
1112 1037 1137 1062 a
1155 1023 1305 1071 multis,

165 1091 216 1116 ne
245 1077 286 1116 in
306 1086 442 1116 senatu
463 1078 657 1118 Calendis.
689 1077 887 1117 Dicuntur
912 1078 1018 1117 enim
1036 1078 1185 1117 occulte
1201 1078 1307 1117 mili-

168 1141 224 1171 tes
243 1131 292 1171 ad
312 1145 398 1172 oem
417 1132 521 1172 diem
540 1133 767 1186 comparati,
788 1140 826 1172 et
844 1132 1004 1185 quidem
1022 1132 1064 1171 in
1083 1132 1175 1172 istos
1191 1146 1205 1180 ς
1235 1132 1306 1187 qui

163 1187 263 1226 mihi
282 1187 463 1228 videntur
480 1187 609 1229 ubivis
627 1188 765 1239 tutius,
782 1200 903 1241 quam
921 1187 963 1227 in
981 1193 1132 1241 senatu,
1150 1187 1246 1229 fore.
