1498 2401
214 54 294 92 288
403 53 488 93 AD
517 54 569 103 Q.
589 54 893 99 FRATREM.
923 56 1025 96 Lm.
1045 56 1078 96 1.
1111 59 1161 102 2„

213 161 505 214 diligentissime
515 163 716 202 scriberem
731 176 742 200 ε
763 164 868 216 quod
879 164 991 214 facio,
1007 174 1046 204 et
1056 173 1094 205 te
1104 178 1260 218 prorsus
1271 177 1338 204 ve-

211 213 411 255 hementer
423 218 538 255 etiam
550 225 666 269 atque
680 218 795 257 etiam
807 232 914 271 rogo,
925 228 972 258 ut
983 228 1020 258 et
1030 219 1340 272 procuratoribus

212 269 339 308 Flavii
357 272 528 310 remittas
547 272 594 311 de
611 272 876 321 diminuendo,
892 282 934 312 et
944 274 993 313 de
1004 273 1337 326 Apollonidiensi-

211 324 285 363 bus
309 337 358 363 ne
387 325 481 376 quid
514 326 737 376 perscribas,
765 328 871 378 quod
896 335 1026 367 contra
1055 328 1237 367 Flavium
1257 327 1305 366 sit
1321 341 1334 365 ε

212 377 396 430 ainplius,
425 388 463 418 et
488 379 614 418 Flavii
640 380 768 426 causa,
790 389 827 419 et
845 382 985 420 scilicet
1010 383 1201 434 Pompeii,
1221 381 1338 420 facias

212 433 355 471 omnia.
399 434 504 472 Nolo
524 434 691 477 (medius
706 435 836 483 fidius)
857 449 905 474 ex
917 436 986 474 tui)⁴
1001 436 1147 486 injuria
1163 437 1204 474 in
1222 435 1339 474 illum

213 486 285 524 tibi
310 487 508 526 liberalem
533 501 597 526 me
629 489 774 527 videri:
805 489 870 527 sed
898 499 936 529 et
953 498 992 528 te
1011 504 1092 538 oro,
1122 497 1168 528 ut
1192 489 1338 541 tuipse

213 541 479 580 auctoritatem
508 549 546 580 et
566 543 852 581 monimentum
871 544 1028 595 aliquod
1047 544 1187 583 decreti
1204 551 1274 582 aut
1290 543 1340 582 li-

211 602 381 633 terarum
400 604 556 634 tuarum
574 597 782 648 relinquas,
803 598 908 648 quod
927 598 976 636 sit
993 598 1043 636 ad
1062 598 1188 637 Flavii
1206 611 1289 636 rem
1301 605 1340 636 et

210 649 260 687 ad
271 663 427 688 causam
442 650 786 689 accommodatum.
806 651 899 690 Fert
913 652 1015 689 enim
1027 653 1192 703 graviter
1205 653 1339 700 homo,

211 711 250 741 et
266 704 345 742 mei
363 704 733 746 observantissimus,
747 712 785 743 et
796 705 857 743 sui
872 706 970 754 juris
988 706 1262 758 dignitatisque
1279 719 1341 745 re-

210 758 350 807 tinens,
367 771 406 796 se
421 758 524 809 apud
540 766 575 796 te
588 771 713 810 neque
728 758 897 797 amicitia
908 771 1033 811 neque
1047 760 1135 811 jure
1146 760 1310 799 valuisse
1323 773 1340 798 ι

212 819 263 859 et,
283 820 328 851 ut
346 813 495 863 opinor,
523 812 648 850 Flavii
673 812 881 864 aliquando
906 826 989 852 rem
1014 820 1052 851 et
1072 814 1281 866 Pompeius
1301 821 1340 853 et

214 865 344 905 Caesar
363 866 433 904 tibi
452 864 796 906 commendzinmt:
828 874 865 905 et
889 867 970 918 ipse
995 867 1045 905 ad
1071 874 1109 906 te
1141 868 1342 921 scripserat¹

213 920 385 968 Flavius,
403 928 440 958 et
455 933 524 971 ego
540 927 649 958 certe.
680 920 872 968 Quare,si
887 922 967 960 ulla
978 935 1036 960 res
1049 929 1119 970 est,
1135 935 1255 974 quam
1269 921 1341 961 tibi

210 987 275 1013 me
293 973 507 1013 faciendam
520 982 673 1026 petente
686 982 814 1026 putes,
833 975 915 1014 haec
930 989 974 1014 ea
985 972 1045 1014 sit,
1079 976 1121 1015 si
1134 989 1199 1015 me
1216 989 1344 1026 amas,

212 1042 317 1077 cura,
334 1028 499 1076 elabora,
513 1029 664 1080 perfice,
682 1036 726 1067 ut
738 1029 896 1068 Flavius
916 1037 952 1069 et
971 1030 1043 1069 tibi
1057 1037 1094 1069 et
1105 1030 1204 1069 mihi
1218 1043 1340 1083 quam

212 1084 404 1121 maximas
422 1083 563 1134 gratias
593 1091 694 1134 agat.
736 1083 825 1122 Hoc
848 1090 885 1122 te
912 1083 967 1122 ita
999 1097 1107 1137 roge,
1129 1092 1175 1124 ut
1191 1086 1340 1136 majore

211 1137 338 1176 studio
357 1151 490 1189 rogare
509 1149 586 1189 non
601 1137 756 1189 possim.
1177 1190 1181 1193 ¹

267 1191 342 1230 IV.
373 1192 492 1240 Quod
524 1191 574 1229 ad
602 1205 664 1230 me
683 1192 730 1230 de
749 1190 913 1231 Hermia
945 1193 1089 1242 scribis,
1109 1193 1208 1233 mihi
1236 1195 1338 1238 (me-

210 1246 383 1293 hercule)
404 1245 514 1284 valde
532 1246 738 1285 molestum
757 1247 846 1285 fuit.
889 1247 1037 1287 Literas
1062 1248 1112 1286 ad
1133 1256 1172 1287 te
1196 1262 1337 1300 pamm

210 1301 376 1339 fraterne
389 1300 609 1352 scripseram
625 1316 634 1338 :
668 1314 778 1352 quaS,
799 1302 966 1340 oratione
985 1302 1159 1349 Diodoti,
1177 1303 1338 1341 Luculli

210 1354 350 1402 liberti,
365 1362 592 1402 commotus,
606 1355 653 1393 de
667 1355 840 1406 pactione
860 1356 988 1394 statim
1003 1357 1107 1408 quod
1121 1356 1334 1405 audieram,

211 1408 430 1447 iracundius
455 1407 694 1459 scripseram,
723 1416 759 1447 et
778 1423 951 1448 revocare
970 1411 1183 1462 cupiebam.
1228 1411 1337 1451 Huic

209 1470 252 1501 tu
266 1462 447 1514 epistolae,
461 1475 537 1500 non
552 1463 716 1501 fraterne
728 1464 890 1515 scriptae,
899 1464 1067 1503 fraterne
1081 1464 1194 1504 debes
1208 1464 1337 1516 ignos-

211 1530 304 1555 cere.
345 1516 408 1554 De
437 1516 660 1564 Censorino,
695 1517 881 1565 Antonio,
907 1518 1051 1567 Cassio,
1080 1519 1264 1569 Scaevola,
1294 1527 1334 1559 te

212 1573 261 1609 ab
281 1571 327 1609 iis
345 1570 454 1621 diligi
480 1574 541 1613 (ut
567 1571 713 1618 scribis)
735 1571 976 1611 vehementer
994 1573 1155 1624 gaudeo.
1185 1573 1336 1613 Caetera

212 1626 369 1664 fuerunt
399 1625 438 1662 in
469 1625 604 1664 eadem
630 1625 789 1677 epistola
814 1627 1001 1678 graviora,
1033 1641 1152 1679 quam
1178 1624 1336 1667 vellem·

216 1683 336 1730 Ορξάν
358 1695 424 1716 ταν
445 1695 536 1726 vau-J,
557 1687 593 1717 et
613 1680 713 1730 ἅπαξ
733 1683 862 1719 &avem
891 1681 1047 1731 sslajora
1064 1678 1137 1720 ista
1155 1690 1278 1721 erunt.

273 1733 379 1771 Meae
414 1734 696 1784 objurgationes
728 1733 886 1773 fuerunt
917 1735 1056 1774 amoris
1086 1736 1338 1788 plenissimae,

213 1801 301 1839 quae
320 1794 410 1826 sunt
429 1788 640 1836 nonnullae,
662 1788 729 1826 sed
748 1796 878 1827 tamen
897 1790 1119 1838 mediocres,
1149 1797 1186 1829 et
1203 1804 1332 1842 parvae

211 1841 352 1894 potius.
381 1841 469 1892 Ego
487 1851 524 1879 te
543 1855 746 1894 nunquam
765 1843 847 1882 ulla¹
864 1844 905 1882 in
925 1857 965 1882 re
984 1844 1148 1895 dignum
1165 1845 1332 1884 minima

212 1895 502 1947 reprehensione
515 1896 728 1947 putassem,
748 1910 838 1936 cum
857 1906 895 1936 te
913 1899 1147 1937 sanctissime
1165 1912 1331 1950 gereres,

212 1950 286 1988 nisi
313 1950 488 1988 inimicos
507 1950 650 1988 multos
669 1951 907 1990 haberemus.
952 1951 1055 2000 Quae
1074 1953 1123 1991 ad
1142 1960 1179 1991 te
1197 1953 1330 2005 aliqua

213 2003 471 2042 admonitione
490 2011 557 2041 aut
575 2005 839 2056 objurgatione
858 2007 1006 2058 scripsi,
1025 2007 1157 2058 scripsi
1174 2014 1330 2059 propter

213 2058 452 2109 diligentiam
483 2058 668 2097 cautionis
687 2072 797 2108 meae,
818 2060 858 2098 in
878 2062 956 2112 qua
975 2068 1013 2099 et
1030 2073 1167 2099 maneo
1187 2069 1225 2100 et
1246 2074 1333 2100 ma-

211 2113 337 2157 neb03
369 2119 419 2159 et,
441 2111 543 2150 idem
563 2120 607 2150 ut
625 2113 754 2162 facias,
774 2127 852 2153 non
872 2115 1054 2154 desistam
1073 2128 1218 2166 rogare.

265 2167 421 2205 Attalus
451 2166 687 2220 Iphemenus
711 2181 864 2208 mecum
892 2170 984 2222 egit,
1019 2176 1062 2209 ut
1080 2183 1120 2209 se
1138 2181 1187 2209 ne
1204 2169 1337 2226 impe--
