1498 2401
467 118 546 158 DE
578 117 767 158 PETIT.
797 117 956 159 CONS.
993 118 1063 178 14.Δ
1238 116 1319 157 399

196 228 289 268 boni
307 235 344 267 et
361 228 583 280 locupletes,
610 241 659 267 ex
677 228 756 267 vita
775 227 859 266 acta
881 234 919 266 te
947 226 1162 266 studiosum
1191 226 1260 265 otii
1277 233 1322 266 ac

197 296 327 322 rerum
358 282 680 334 tranquillarum;
724 281 948 329 multitudo,
979 295 1027 320 ex
1056 294 1100 320 eo
1132 281 1322 320 duntaxat

198 338 303 389 quod
320 336 488 375 oratione
505 336 546 373 in
565 337 743 374 concione
762 350 805 375 ac
823 336 968 386 judicio
986 335 1181 388 popularis
1199 335 1321 385 fuisti,

197 399 236 430 te
248 405 270 429 a
289 391 366 429 suis
381 390 591 428 commodis
609 391 778 428 alienum
797 403 874 428 non
889 390 1078 428 futurum.

253 445 373 483 XIV.
404 444 502 482 Haec
519 444 617 482 mihi
636 445 837 482 veniebant
854 444 893 482 in
919 452 1090 482 mentem
1109 444 1157 483 de
1175 444 1326 483 duabus

199 499 277 537 illis
309 497 733 551 [commentationibus]
755 499 969 545 matutinis,
995 512 1090 549 quas
1109 499 1179 537 tibi
1199 499 1327 550 quoti-

199 554 263 591 die
282 553 331 591 ad
359 553 487 591 forum
515 552 755 591 descendenti
780 553 1047 591 meditandum
1073 566 1152 591 esse
1177 553 1327 591 dixera-

200 620 315 646 mus:
349 610 378 630 “
405 608 542 645 Novus
567 619 681 652 sum3
712 607 954 645 consulatum
979 608 1108 657 peto.'‘
1149 607 1327 646 Tertium

201 670 332 708 restat,
355 664 383 684 ‘⁶
404 662 533 700 Roma
552 662 650 709 est,'‘
682 661 814 699 civitas
839 674 887 699 ex
913 661 1114 699 nationum
1137 670 1327 700 conventu

202 716 431 761 constituta;
462 716 503 753 in
533 715 612 767 qu‘a
642 716 777 754 multae
807 715 971 763 insidiae,
1004 717 1130 754 multa
1161 716 1325 765 fallacia,

203 771 329 808 multa
346 770 387 807 in
407 769 513 808 omni
524 782 661 821 genere
675 769 768 808 vitia
781 777 979 808 versantur
995 783 1007 814 ;
1036 771 1251 808 multorum
1266 784 1328 808 ar-

201 824 389 876 rogantia,
410 824 623 862 multorum
647 824 900 871 contumacia,
923 824 1138 862 multorum
1156 825 1329 863 malevo'-

203 879 335 926 lentia,
355 879 569 916 multorum
588 877 781 931 superbia,
802 878 1016 917 multorum
1031 879 1164 917 odium
1183 892 1226 917 ac
1244 892 1330 917 mo-

202 933 312 971 lestia
325 932 547 984 perferenda
565 940 632 971 est„
662 932 787 972 Video
802 946 880 971 esse
897 933 1030 984 magni
1049 933 1195 971 consilii
1215 940 1331 985 atque

205 987 310 1034 artis,
331 987 371 1025 in
390 994 446 1025 tot
460 987 661 1025 hominum
682 988 868 1039 cujusque
886 987 992 1025 modi
1011 987 1111 1026 vitiis
1137 988 1330 1040 tantisque

206 1050 436 1089 versantem,
457 1041 576 1080 vitare
594 1041 854 1089 offensionem,
875 1042 993 1080 vitare
1010 1042 1198 1090 fabulam,
1213 1042 1332 1082 vitare

207 1095 392 1142 insidias3
435 1109 513 1134 esse
542 1109 666 1134 unum
697 1095 894 1134 hominem
920 1096 1251 1135 accommodatum
1280 1097 1331 1136 ad

207 1157 356 1188 tantam
375 1163 528 1188 morum
549 1163 591 1189 ac
611 1162 831 1189 sermonum
847 1164 889 1189 ac
909 1151 1152 1189 voluntatum
1171 1151 1331 1190 varieta-

206 1211 298 1243 tem.
330 1203 476 1252 Quare,
503 1204 619 1243 etiam
648 1211 764 1256 atque
792 1205 908 1243 etiam
933 1218 1049 1256 perge
1072 1212 1199 1244 tenere
1216 1205 1332 1244 istam

205 1259 323 1308 viam,
333 1272 451 1310 quam
463 1257 652 1297 institisti:
671 1259 812 1297 excelle
826 1259 1002 1298 dicendo:
1022 1260 1094 1298 hoc
1107 1267 1143 1297 et
1154 1268 1332 1299 tenentur

207 1313 347 1352 Romae
365 1313 555 1361 homines,
577 1321 614 1351 et
639 1312 873 1362 alliciuntur,
895 1321 932 1352 et
951 1315 999 1352 ab
1018 1314 1262 1365 impediendo
1288 1328 1332 1354 ac

206 1365 380 1405 laedendo
399 1368 650 1418 repelluntur.
679 1368 748 1413 Et,
769 1368 952 1419 quoniam
971 1368 1011 1405 in
1030 1368 1102 1406 hoc
1128 1369 1188 1407 vel
1206 1370 1333 1408 maxi-

205 1434 270 1460 me
289 1422 422 1460 vitiosa
436 1430 491 1459 est
509 1422 653 1470 civitas,
668 1422 784 1473 quod,
801 1421 1000 1474 largitione
1010 1422 1246 1475 interposita,
1257 1424 1335 1462 vir-

207 1476 302 1515 tutis
333 1490 377 1515 ac
402 1475 597 1527 dignitatis
622 1476 793 1515 oblivisci
815 1476 934 1522 solet;
963 1476 1004 1514 in
1029 1476 1114 1526 hoc,
1144 1477 1205 1516 fac
1231 1486 1276 1516 ut
1294 1487 1333 1518 te

208 1530 307 1569 bene
325 1530 444 1576 noris,
464 1530 506 1569 id
524 1538 593 1579 est,
614 1539 658 1568 ut
676 1530 882 1582 intelligas,
903 1544 992 1569 eum
1011 1544 1089 1570 esse
1108 1538 1159 1579 te,
1181 1532 1248 1584 q'ui
1268 1533 1333 1583 ju-

209 1584 299 1622 dicii
331 1598 374 1623 ac
405 1585 562 1636 periculi
595 1592 744 1623 metum
773 1586 991 1624 maximum
1021 1587 1334 1638 competitoribus

209 1638 342 1677 afferre
360 1639 491 1690 possis.
522 1639 614 1687 Fac,
644 1647 689 1677 ut
707 1652 747 1678 se
776 1641 844 1678 abs
871 1647 908 1678 te
931 1640 1111 1679 custodiri
1130 1648 1246 1693 atque
1264 1644 1334 1681 ob-

208 1693 347 1731 servari
368 1694 514 1731 sciant:
546 1706 634 1732 cum
663 1693 901 1745 diligentiam
923 1702 1046 1742 tuam,
1067 1702 1152 1733 tum
1171 1697 1336 1738 auctori-

207 1753 341 1808 tatem,
363 1747 519 1799 vimque
539 1747 702 1797 dicendi,
730 1756 815 1786 tum
843 1749 1011 1800 profecto
1032 1750 1214 1801 equestris
1233 1751 1335 1789 ordi-

208 1801 267 1839 nis
286 1815 376 1853 erga
393 1810 430 1840 te
445 1801 631 1851 studium,
652 1802 931 1855 pertimescant.
971 1804 1106 1866 Atque
1125 1803 1206 1843 haec
1224 1805 1278 1843 ita
1296 1813 1335 1843 te

208 1856 294 1894 volo
313 1856 389 1895 illis
414 1869 638 1908 proponere,
664 1868 755 1905 non,
780 1864 824 1895 ut
851 1857 1001 1897 videare
1023 1860 1106 1908 jam
1126 1860 1336 1898 accusatio-

207 1922 298 1948 nem
319 1910 510 1972 meditari,
533 1911 599 1949 sed
620 1918 664 1949 ut
681 1912 753 1950 hoc
773 1919 912 1951 terrore
931 1912 1079 1951 facilius
1098 1912 1198 1951 hoc
1187 1927 1332 1976 ipsum,

209 1964 314 2015 quod
333 1965 428 2016 agis,
450 1977 692 2017 consequare.
720 1966 775 2005 Et
803 1968 918 2019 plane
937 1967 989 2005 sic
1008 1967 1192 2006 contende
1211 1969 1336 2006 omni-

208 2020 282 2057 bus
300 2019 425 2058 nervis
444 2032 488 2058 ac
505 2019 766 2069 facultatibus,
786 2029 831 2060 ut
849 2020 1108 2083 adipiscamur
1119 2022 1221 2073 quod
1241 2022 1340 2074 peti-

208 2083 310 2111 mus.
344 2073 485 2122 Video,
504 2073 613 2112 nulla
632 2088 711 2113 esse
730 2075 883 2114 comitia
901 2084 983 2114 tam
1000 2075 1204 2127 inquinata
1221 2077 1338 2139 largi·

207 2126 324 2176 tione,
346 2127 487 2179 quibus
506 2140 585 2166 non
603 2129 721 2180 gratis
739 2131 880 2182 aliquae
898 2131 1079 2168 centuriae
1102 2131 1338 2180 renuntient,

206 2194 296 2220 suos
315 2182 487 2221 maxime
505 2183 745 2223 necessarios.
772 2185 923 2233 Quare,
943 2183 975 2222 si
994 2184 1250 2236 advigilamus
1267 2199 1338 2238 pro

206 2235 260 2274 rei
281 2235 484 2288 dignitate,
513 2243 550 2276 et
576 2236 607 2277 si
625 2245 773 2279 nostros
793 2238 842 2278 ad
861 2251 1061 2277 summum
1081 2239 1252 2279 studium
1271 2242 1338 2279 be-
