1467 2401
316 496 388 543 M.
426 495 657 544 TULLII
694 494 1047 543 ClCERONIS

405 623 850 682 ,EPISTOLAR
861 625 978 677 UM

499 763 583 802 AD
611 763 888 805 ATTICUM

568 891 726 935 LIBER
746 892 826 934 XI.

621 1024 773 1059 -4-

481 1147 930 1188 ARGUMENTUM.

140 1256 400 1295 SILENTUR
423 1268 575 1295 menses
600 1257 678 1295 fere
704 1269 855 1296 novem.
900 1254 1134 1295 Conscendit
1153 1253 1281 1302 enim,

138 1318 184 1348 ut
203 1310 252 1349 ad
272 1310 505 1362 Pompeium
531 1311 742 1363 navigaret,
772 1311 862 1352 VII
888 1311 984 1349 Idus
1009 1311 1038 1349 J
1042 1310 1139 1356 unii,
1176 1309 1283 1347 Len-

140 1365 224 1403 tulo
243 1371 281 1403 et
299 1365 489 1405 Marcello
509 1365 616 1404 Coss.
635 1373 680 1404 ut
702 1379 751 1404 ex
769 1365 930 1417 epistola
950 1365 1038 1404 VII
1058 1365 1107 1403 ad
1125 1363 1283 1402 Teren-

140 1418 237 1457 tiam
256 1420 432 1471 cognosci
450 1427 574 1471 potest
590 1434 603 1466 3
633 1428 670 1458 et
699 1434 747 1459 ex
767 1433 810 1459 eo
830 1426 1001 1471 tempore
1021 1419 1171 1470 scriptae
1196 1417 1283 1455 lite-

139 1485 209 1522 rae,
230 1473 280 1512 ad
294 1486 466 1512 mensem
486 1475 759 1522 Februarium,
775 1481 914 1526 praeter
924 1473 1074 1529 primas
1093 1472 1184 1511 libri
1206 1471 1283 1509 hu·

139 1528 220 1578 jus,
251 1528 372 1566 nullae
396 1528 658 1567 inveniuntur.
698 1529 821 1575 Nam,
844 1541 933 1566 cum
954 1528 1097 1574 Caesar,
1119 1540 1143 1564 a
1161 1525 1284 1565 collo-

143 1582 237 1633 quio
248 1582 316 1620 ino
328 1582 535 1630 Ciceronis,
546 1582 593 1621 de
605 1596 683 1635 quo
694 1583 923 1635 paenultima
936 1582 1098 1634 epistola
1110 1580 1284 1633 proximi

143 1635 235 1675 libri
252 1636 396 1688 agitur,
409 1637 582 1676 Romam
601 1650 640 1676 se
659 1637 905 1683 contulisset3
927 1635 1213 1689 pecuniamque
1234 1647 1283 1673 ex

146 1691 333 1729 sanctiore
362 1691 493 1729 aerario
529 1691 810 1744 (nequidquam
836 1697 1076 1743 repugnante
1107 1690 1156 1728 L.
1190 1688 1283 1726 Me-

145 1745 238 1783 tello
257 1745 419 1784 tribuno
437 1745 578 1797 plebis)
597 1745 814 1784 abstulisset
830 1759 841 1791 3
871 1747 987 1784 rebus
1014 1743 1212 1782 nonnullis
1232 1742 1283 1781 ad

145 1812 263 1838 suum
295 1798 496 1838 arbitrium
527 1799 755 1848 constitutis,
786 1798 977 1851 Italiaque
996 1797 1173 1837 Antonio
1190 1805 1283 1835 stra-

146 1852 231 1892 dita
249 1860 287 1892 et
305 1853 586 1902 commendata,
606 1854 687 1906 ipse
701 1854 741 1892 in
758 1854 991 1907 Hispaniam
1011 1860 1142 1891 contra
1161 1852 1284 1889 Pom-

146 1907 226 1960 peii
243 1908 389 1959 legatos
408 1907 618 1946 exereitum
638 1908 773 1947 duxit:
805 1922 883 1960 quo
901 1916 1075 1959 tempore
1088 1906 1221 1945 Cicero
1239 1905 1280 1943 in

149 1962 425 2001 Macedoniam
454 1962 544 2001 VII
575 1962 671 2001 Idus
701 1963 731 2001 J
733 1963 816 2001 unii
849 1965 910 2006 (ut
941 1961 1129 2009 diximus)
1158 1967 1283 1998 trans-

146 2016 279 2062 misit3
309 2016 413 2054 unde
431 2016 574 2068 priores
593 2024 758 2069 quatuor
776 2017 945 2068 epistolae
959 2016 1058 2053 ‹latae
1073 2022 1162 2053 sunt
1179 2028 1191 2060 3
1214 2013 1282 2053 sed

152 2069 201 2110 C.
223 2070 373 2110 caesare
399 2070 445 2108 II
471 2077 509 2109 et
537 2071 697 2109 Servilio
728 2071 899 2109 Isaurico
923 2069 1032 2109 Coss.
1060 2076 1150 2107 ante
1179 2082 1284 2119 pug-

149 2137 243 2163 nam
262 2124 538 2173 Pharsalicam,
553 2125 695 2177 partim
711 2138 759 2163 ex
779 2124 908 2164 castris
926 2123 1118 2176 Pompeii,
1137 2122 1281 2174 partim

149 2178 406 2232 Dyrrhachio.
437 2179 546 2217 Nam
566 2179 710 2227 Caesar,
740 2179 898 2218 devictis
915 2178 1050 2230 legatis
1069 2177 1162 2225 illis,
1183 2176 1279 2214 His-

150 2233 353 2286 paniaeque
380 2235 494 2273 rebus
517 2233 748 2285 compositis,
775 2234 946 2273 Romam
973 2244 1159 2280 reversus,
1190 2243 1280 2269 oon-
