1498 2401
201 69 282 108 216
397 64 483 105 AD
511 61 801 103 ATTJCUM.
832 60 935 100 Lm.
964 59 1061 101 XV.
1091 60 1131 106 7.

202 185 334 219 autem
351 189 416 215 me
433 182 516 214 tam
535 180 736 212 strenuum
754 178 906 223 putare,
919 177 964 209 ut
983 170 1033 209 ad
1052 170 1189 210 Nonas
1205 181 1336 208 recur-

198 246 298 273 ram.
327 230 441 271 Nihil
471 228 576 268 enim
600 228 684 278 jam
710 226 820 265 video
847 238 944 277 opus
963 238 1044 264 esse
1061 224 1193 264 nostrii
1210 223 1330 269 cui-53

202 287 390 342 quoniam
408 282 586 338 praesidia
605 288 695 320 sunt
712 280 753 318 in
773 287 830 319 tot
847 292 967 318 annos
984 279 1148 331 provisa.

256 345 286 366 ‘⁶
305 342 456 380 Brutus
474 345 512 377 et
543 335 700 376 Cassius
725 335 890 383 utinam,
911 347 1031 386 quam
1049 334 1161 373 facile
1188 347 1212 372 a
1229 341 1268 372 te
1285 333 1333 372 de

199 410 265 437 me
282 396 488 447 impetrate
515 396 690 444 possunt,
709 388 764 427 ita
781 402 849 440 per
866 396 904 427 te
923 396 1142 436 exorentur,
1162 401 1212 426 ne
1229 387 1336 440 quod

201 450 363 492 calidius
394 448 526 487 ineant
555 444 788 484 consilium!
823 442 1012 483 Cedentes
1037 443 1140 482 enim
1168 442 1252 481 haec
1277 443 1334 481 ais

201 505 417 558 scripsisse:
462 513 541 553 quo
554 501 572 538 Ρ
602 507 670 537 aut
706 510 825 550 quare
842 500 859 537 ‚⁹
901 497 1058 546 Recine,
1089 499 1244 536 obsecro
1280 504 1333 545 te,

201 560 353 607 Cicero,
373 558 462 596 illos
478 570 489 594 ε
520 562 558 593 et
586 552 667 592 noli
686 552 808 590 sinere
834 552 917 590 haec
936 551 1067 590 omnia
1086 551 1223 603 perire,
1244 565 1335 603 quae

201 613 378 655 funditus
409 609 578 664 (medius
596 605 730 656 fidius)
752 606 911 658 rapinis,
930 606 1130 655 incendiis,
1150 605 1334 653 caedibus,

201 674 485 722 pervertuntur.
533 662 722 707 Tantum,
754 660 786 698 si
823 660 919 712 quid
954 660 1108 708 timent,
1147 667 1306 699 cavoent
1318 674 1330 698 ε

203 722 303 763 nihil
319 728 504 774 praeterea
521 716 745 756 moliantur.
778 715 871 753 Non
891 714 1060 757 (medius
1078 713 1212 764 fidius)
1234 727 1338 753 acer-

203 776 312 817 rimis
340 773 506 814 consiliis
530 772 634 823 pluS,
659 781 778 820 quam
805 768 922 807 etiam
945 768 1200 816 inertissimis,
1221 768 1337 808 dum-

205 830 324 871 modo
349 827 614 879 diligentibus,
645 829 937 874 consequentur.
969 821 1070 861 Haec
1096 822 1215 870 enim,
1249 836 1338 874 quae

202 887 348 932 fluunt,
383 895 452 934 per
480 894 520 919 se
552 879 737 916 diuturna
763 888 840 914 non
875 883 993 923 sunt3
1023 876 1064 914 in
1097 877 1339 916 contentione

204 945 412 993 praesentoe
427 935 477 974 ad
488 932 707 972 nocendum
718 931 862 969 habent
881 930 991 969 vires.
1020 930 1131 979 Quid
1149 944 1276 983 sperae
1290 931 1339 971 de

205 994 298 1040 illis,
318 992 360 1030 in
377 989 644 1030 Tusculanum
664 985 715 1024 ad
733 998 796 1024 me
816 984 979 1024 scribe.”

261 1102 397 1141 Habes
431 1097 553 1137 Hirtii
586 1095 813 1148 epistolam:
845 1094 908 1133 cui
944 1094 1132 1148 rescripsi,
1163 1097 1220 1135 nil
1251 1096 1339 1136 illos

206 1156 367 1198 calidius
381 1154 547 1206 cogitare
564 1165 576 1196 ;
607 1150 724 1202 idque
739 1148 975 1188 confirmavi.
995 1150 1098 1198 Hoc,
1113 1151 1339 1204 qualecum-

206 1225 283 1265 que
314 1216 424 1253 esset,
459 1215 497 1246 te
527 1205 622 1244 scire
654 1204 772 1242 volui.
803 1203 1022 1254 obsignata
1047 1205 1130 1254 jam
1162 1206 1337 1258 episle

208 1267 360 1305 Balbus
390 1262 440 1301 ad
471 1274 551 1307 me,
579 1258 781 1298 Serviliam
807 1258 977 1305 rediisse,
1005 1259 1231 1299 confirmare
1259 1272 1338 1300 non

206 1321 449 1359 discessuros.
480 1315 601 1354 Nunc
619 1319 796 1365 exspecto
815 1325 838 1350 a
857 1319 895 1350 te
912 1312 1056 1351 literas.

438 1478 527 1532 (7.)
558 1476 778 1518 CICERO
808 1477 1033 1518 ATTICO
1062 1479 1103 1518 S.

266 1593 450 1637 Gratum,
483 1587 589 1641 quod
613 1587 712 1625 mihi
738 1586 941 1639 epistolas:
973 1601 1061 1640 quae
1088 1587 1248 1640 quidem
1277 1602 1341 1629 me

210 1646 461 1691 delectarunt,
495 1644 536 1681 in
570 1642 705 1694 primis
734 1642 843 1681 Sexti
875 1643 1007 1680 nostri.
1038 1642 1169 1690 Dices,
1201 1645 1230 1667 ‘⁶
1249 1645 1343 1696 quia

207 1711 249 1743 te
266 1701 438 1742 laudat?
468 1698 572 1737 Puto
591 1696 843 1743 (mehercule)
861 1696 902 1734 id
917 1709 1072 1749 quoque
1091 1710 1172 1736 esse
1188 1711 1313 1738 causae
1328 1713 1340 1737 ε

210 1757 277 1797 sed
306 1764 451 1801 tamen,
480 1752 597 1790 etiam
630 1758 719 1789 ante
744 1763 864 1803 quam
890 1750 941 1789 ad
966 1764 1057 1790 eum
1082 1752 1212 1791 locum
1238 1753 1340 1802 veni,

211 1811 323 1850 valde
342 1808 440 1848 mihi
457 1807 647 1859 placebat,
674 1818 765 1844 cum
784 1817 917 1844 sensus
940 1805 1024 1855 ejus
1043 1806 1091 1845 de
1109 1820 1150 1845 re
1167 1807 1340 1859 publica,

211 1874 299 1905 tum
328 1860 517 1902 scribendi
552 1873 655 1898 cura.
686 1859 842 1899 Servius
878 1872 967 1898 vero
1002 1860 1220 1912 pacifioetor
1250 1874 1342 1901 cum

210 1918 406 1959 librariolo
435 1928 505 1955 suo
529 1914 680 1953 videtur
708 1914 845 1953 obiisse
872 1913 1118 1965 legationem,
1147 1924 1185 1954 et
1209 1928 1343 1955 omnes

211 1971 478 2026 captiunculas
496 1968 772 2022 pertimescere.
803 1968 1003 2007 Debuerat
1021 1977 1167 2018 autem,
1197 1972 1227 1992 ‘⁶
1248 1969 1342 2009 Non

214 2041 265 2067 ex
293 2028 380 2077 jure
398 2037 519 2064 manu
539 2023 800 2071 consertum‚”
826 2022 894 2062 sed
912 2036 1001 2075 quae
1019 2030 1247 2076 sequuntur.
1275 2024 1340 2064 Tu

215 2094 371 2139 quoque
389 2079 542 2120 scribes.
