1498 2401
312 116 394 156 260
488 116 572 157 ΑΙ)
600 114 890 158 ATTICUM.
916 117 1018 157 Lm.
1044 113 1165 156 XVI.
1196 117 1259 156 16

304 225 383 264 otio
394 232 432 264 te
437 226 653 288 ‘praeficere
681 227 822 280 Itaque
835 234 954 278 etego
971 238 1062 266 cum
1079 226 1148 266 illo
1160 225 1313 266 locutus
1331 237 1435 274 sum,

303 287 342 319 et
356 279 496 332 saepius
511 280 694 342 quidem3
714 288 761 320 ut
771 281 886 320 etiam
900 293 1095 320 accusarer
1108 282 1159 320 ab
1170 293 1230 328 eo,
1244 279 1414 334 quodpa
1418 304 1436 312 -

306 347 395 372 rum
416 335 636 374 constantiae
653 349 734 375 suae
751 335 1003 374 confiderem:
1038 343 1076 374 et
1101 335 1164 374 M.
1184 293 1414 382 Mfflp
1399 340 1439 373 et

308 387 382 440 ipsi
397 389 544 437 Attico,
565 389 678 439 dixit,
699 397 743 428 ut
762 390 842 429 sine
854 388 945 428 cura
963 396 1112 428 essent·
1146 396 1354 452 aperteque
1373 401 1440 427 os-

307 443 502 504 tendebat,
524 457 563 482 se
589 444 835 496 praesentium
867 444 1015 483 animos
1034 447 1133 487 (erat
1151 444 1255 482 enim
1273 443 1438 496 popula-

303 496 371 545 ris,
387 505 432 536 ut
443 496 574 548 noras)
595 498 786 538 offendere
803 498 927 537 nolle:
961 511 1051 537 cum
1068 503 1177 541 mare
1194 499 1432 546 transissent,

307 558 531 590 curaturum
545 566 599 600 se,
620 561 664 592 ut
678 553 718 591 in
737 553 859 591 alium
879 565 1017 615 agrum
1036 552 1325 592 deducerentur.

361 608 391 629 “
412 606 511 645 Haec
529 606 597 646 illo
621 607 722 645 vivo.
762 608 856 646 Post
881 607 1081 646 interitum
1099 605 1232 645 autem
1254 604 1432 655 Cfflris,

305 666 352 698 ut
382 660 555 713 primum
582 674 630 700 ex
649 664 820 700 senatus·
821 662 995 700 consulto
1024 674 1156 700 causas
1175 661 1349 700 consules
1370 672 1436 699 00.-

305 726 485 765 gnosoere
501 715 765 762 instituerunt,
786 716 883 763 haec,
906 728 995 767 quae
1014 728 1130 767 supra
1143 715 1290 767 scripsi,
1306 715 1355 753 ad
1374 727 1438 753 eos

303 767 430 807 delata
448 778 549 808 sunt.
585 771 852 808 Probaverunt
878 783 1032 808 causam
1062 770 1144 809 sine
1172 770 1256 808 uua
1278 768 1434 808 dubita-

306 822 410 861 tione
428 836 440 868 ;
462 837 578 876 seque
597 824 647 862 ad
666 824 842 863 teliteras
861 824 1017 863 daturos
1035 837 1115 863 oese
1132 823 1326 862 dixerunt.

376 879 405 899 ‘⁶
424 877 514 929 Ego
541 885 686 926 autem,
715 879 773 916 mi
803 878 962 926 Plance,
993 878 1065 917 etsi
1088 890 1166 917 non
1191 877 1434 927 dubitabam,

304 931 401 984 quin
417 939 454 969 et
468 933 874 985 senatus-consultum,
892 940 929 971 et
941 933 1021 981 lex,
1035 939 1072 971 et
1085 933 1289 972 consulum
1307 932 1437 971 decre-

307 992 393 1024 tum
412 998 456 1024 ac
472 986 606 1034 literae‚
628 987 733 1039 apud
760 994 798 1026 te
822 986 1040 1039 plurimum
1065 986 1301 1026 auctoritatis
1317 986 1437 1025 habe-

306 1046 405 1088 rent,
435 1047 549 1092 teque
578 1041 699 1093 ipsius
718 1042 842 1080 Attici
860 1042 976 1081 causa
1005 1041 1103 1088 velle
1134 1041 1430 1080 intellexeram·
1415 1070 1430 1088 ,

307 1100 437 1132 tamen
455 1094 541 1144 hoc,
561 1109 632 1147 pro
650 1096 917 1146 conjunctione
944 1103 983 1135 et
1003 1095 1270 1135 benevolentia
1285 1096 1435 1141 nostra,

306 1147 404 1186 mihi
423 1150 558 1199 sumsi,
579 1158 624 1188 ut
647 1150 690 1188 id
708 1164 731 1189 a
755 1158 794 1188 te
814 1158 999 1202 peterem,
1019 1150 1125 1203 quod
1143 1158 1212 1189 ma
1229 1150 1434 1212 singularis

306 1200 527 1256 humanitas
554 1204 846 1256 suavissimique
870 1216 996 1243 mores
1013 1217 1038 1243 a
1055 1212 1093 1243 te
1109 1211 1237 1244 essent
1253 1204 1436 1255 impetra-

304 1257 393 1295 turi.
424 1257 473 1296 Id
493 1266 623 1297 autem
643 1267 713 1308 est,
733 1267 780 1297 ut
796 1259 882 1308 hoc,
903 1259 1008 1312 quod
1026 1259 1147 1297 tetua
1162 1266 1300 1310 sponte
1310 1258 1435 1297 factu-

302 1323 392 1349 rum
406 1325 486 1351 esse
505 1321 605 1352 certo
620 1313 710 1361 scio,
730 1313 885 1352 honoris
895 1314 1015 1352 nostri
1028 1313 1144 1352 oeusa
1157 1313 1333 1362 libenter,
1346 1325 1435 1365 pro·

302 1365 396 1414 lixe,
416 1367 599 1415 celeriter,
619 1368 747 1406 facias.

364 1423 393 1442 “
414 1420 519 1458 Mihi
539 1433 652 1460 nemo
672 1430 727 1460 est
745 1422 917 1470 amicior,
937 1434 1006 1460 nec
1028 1421 1250 1472 jucundior,
1276 1433 1347 1460 nec
1371 1434 1434 1460 ca-

308 1473 386 1512 rior
399 1474 556 1513 Attico:
589 1477 699 1525 cujus
723 1484 837 1515 antea
854 1489 913 1515 ιω
931 1476 1058 1514 solum
1077 1475 1277 1514 familiaris
1295 1477 1434 1527 ageba-

305 1535 384 1576 tur,
405 1541 527 1580 eaque
540 1542 716 1581 magna;
747 1543 850 1569 nunc
868 1530 1022 1569 accoesit
1043 1530 1158 1569 etiam
1184 1530 1430 1596 existimatio,

305 1589 366 1630 ut,
386 1583 491 1634 quod
509 1592 732 1623 consecutus
747 1592 803 1623 est
821 1597 966 1636 magna
984 1592 1022 1624 et
1038 1583 1227 1623 industria
1244 1592 1282 1623 et
1292 1583 1431 1636 gratia,

307 1634 387 1688 [et]
402 1637 489 1676 vivo
509 1638 673 1686 Caesare,
694 1647 731 1677 et
748 1646 915 1686 mortuo,
930 1638 985 1687 id,
999 1647 1037 1677 te
1048 1639 1270 1689 adjuvante,
1285 1638 1434 1677 obtine-

304 1698 357 1729 at.
379 1691 497 1738 Quod
510 1692 541 1730 si
553 1706 576 1730 a
590 1702 627 1730 te
642 1693 712 1731 erit
725 1692 988 1745 impetratum,
999 1693 1066 1741 sic,
1080 1693 1212 1742 velim,
1224 1692 1433 1741 existimes,

306 1757 371 1783 me
395 1745 443 1784 de
472 1747 542 1784 tua
572 1747 799 1786 liberalitate
828 1748 883 1786 ita
908 1748 1265 1799 interpretaturum,
1297 1753 1342 1785 ut
1366 1754 1434 1786 tuo

306 1811 461 1839 summo
479 1802 663 1840 beneficio
681 1815 745 1840 me
763 1802 945 1840 affectum
959 1801 1142 1852 judicem.
1172 1801 1274 1852 Ego,
1294 1814 1383 1853 quae
1396 1807 1434 1839 te

307 1853 419 1902 velle,
439 1868 603 1907 quaeque
617 1856 667 1894 ad
686 1864 723 1895 te
736 1856 924 1908 pertinere
938 1856 1167 1904 arbitrabor,
1187 1855 1355 1894 studiose
1371 1855 1431 1893 di-

302 1907 546 1961 ligenterque
565 1912 718 1950 curabo.
748 1911 815 1949 Da
831 1923 988 1963 operam
1008 1918 1054 1949 ut
1070 1910 1242 1949 valeasss’

511 2019 541 2042 “
574 2020 711 2059 Cicero
730 2019 896 2068 Planco,
917 2021 1042 2059 Praet.
1063 2021 1156 2058 Des.
1175 2020 1222 2059 S.

361 2127 407 2177 ·3“
426 2126 523 2166 Jam
550 2135 668 2167 antea
689 2129 807 2181 petivi
836 2130 904 2168 abs
931 2136 969 2167 te
994 2141 1062 2181 per
1083 2127 1227 2177 literas,
1257 2135 1316 2178 ut,
1343 2140 1433 2166 cum

305 2193 421 2220 causa
438 2181 734 2222 Buthrotiorum
749 2185 909 2235 probata
926 2196 951 2222 a
967 2182 1191 2222 consulibus
1208 2189 1311 2221 esset
1324 2182 1432 2234 (qui-

305 2235 378 2277 bus
391 2242 430 2275 et
442 2236 528 2289 lege
543 2245 582 2276 et
601 2237 947 2280 senatus-consulto
961 2237 1193 2290 permissum
1207 2243 1302 2286 erat,
1322 2243 1367 2276 ut
1384 2236 1434 2275 de
