1498 2401
179 112 260 150 340
343 111 427 150 AD
456 111 509 161 Q.
539 112 847 154 FRATREM.
875 113 977 153 1118.
998 112 1083 153 ΠΙ.
1101 116 1142 154 9.

176 219 236 258 bis
265 227 414 273 terque,
434 233 513 260 non
542 222 790 274 postulatus3
820 223 881 262 vel
907 222 1000 276 quia
1022 234 1169 261 munus
1189 233 1300 272 mag-

179 274 339 313 nificum
371 275 539 325 dederat,
564 278 625 315 vel
655 278 747 329 quia
771 278 972 316 facultates
996 289 1075 315 non
1098 282 1219 323 erant,
1239 275 1302 313 vel

176 329 270 379 quia
285 330 480 381 magister,
501 332 562 369 vel
580 331 673 382 quia
698 340 874 383 potuerat
897 331 1126 382 magistrum
1145 343 1198 378 se,
1224 340 1303 367 non

179 382 344 430 aedilem,
365 392 512 435 putare.
543 385 692 424 Omnia
702 386 780 425 fere
800 386 943 438 scripsi.
975 384 1096 433 Cura,
1115 384 1172 422 mi
1189 382 1305 423 caris-

176 436 272 475 sime
289 437 420 486 frater,
440 446 485 477 ut
502 440 642 479 valeas.

361 604 450 650 (9.)
480 602 718 643 MARCUS
748 603 800 652 Q.
830 602 1054 642 FRATRI
1080 602 1125 642 S.

240 711 565 761 (Argumentum.
581 734 636 740 —-
650 711 771 750 Varia
790 711 839 750 de
862 710 1167 764 rebus.publicis
1186 714 1225 747 et
1241 708 1310 747 do-

181 765 348 804 mesticis
366 765 596 818 perscribit.)

233 873 297 912 De
328 873 496 913 Gabinio
527 874 627 913 nihil
661 874 738 913 fuit
765 875 986 914 faciendum
1014 874 1192 921 istorum,
1219 885 1310 925 quae

178 928 440 967 amantissime
459 929 623 980 cogitata
634 937 738 968 sunt.
764 936 855 967 Τοτε
874 945 934 978 μοι
953 944 1068 981 χανοι.
1097 928 1189 966 Feci
1199 939 1307 966 sum-

178 981 244 1019 ma
265 995 355 1020 cum
389 984 575 1034 gravitate
599 987 661 1026 (ut
690 996 823 1022 omnes
848 982 1054 1033 sentiunt),
1080 989 1119 1022 et
1148 980 1304 1020 summa

178 1049 270 1074 cum
289 1036 459 1085 lenitate,
490 1050 577 1089 quae
595 1037 679 1076 feci.
710 1038 834 1076 Illum
851 1050 976 1090 neque
1000 1037 1081 1076 ursi
1097 1048 1223 1088 neque
1248 1035 1304 1073 le-

177 1091 275 1128 vavi.
307 1091 435 1129 Testis
450 1092 655 1130 vehemens
667 1091 750 1138 fuj;
771 1100 953 1144 praeterea
967 1091 1107 1144 quievi.
1135 1089 1304 1129 Exitum

175 1144 313 1195 judicii
331 1145 478 1184 foedum
507 1153 545 1184 et
569 1146 825 1198 perniciosum
851 1146 1044 1186 levissime
1071 1145 1155 1184 tuli.
1184 1143 1307 1192 Quod

177 1199 338 1250 quidem
356 1201 505 1239 bonum
523 1201 622 1238 mihi
648 1213 752 1239 nunc
770 1201 937 1253 denique
960 1199 1163 1246 redundat,
1182 1204 1228 1237 ut
1244 1197 1313 1236 his.

176 1253 290 1291 malis
326 1254 546 1306 reipublicae
581 1255 813 1307 licentiaque
848 1254 1069 1302 audacium,
1102 1253 1182 1306 qua
1218 1258 1308 1290 ante

177 1309 400 1358 rumpebat,
421 1321 525 1347 nunc
543 1321 592 1348 ne
619 1322 775 1348 movear
794 1309 966 1362 quidem.
994 1308 1109 1347 Nihil
1127 1315 1183 1346 est
1201 1306 1306 1345 enim

177 1361 364 1413 perditius
382 1363 443 1401 his
461 1363 699 1410 hominibus,
721 1363 783 1402 his
803 1363 1053 1415 temporibus.
1083 1362 1238 1413 Itaque,
1258 1372 1307 1398 ex

176 1428 218 1454 re
236 1416 392 1467 publica
411 1418 597 1469 quoniam
616 1417 715 1456 nihil
734 1419 818 1467 jam
837 1416 1045 1469 voluptatis
1063 1416 1149 1467 oepi
1166 1420 1306 1467 potaet,

178 1482 246 1508 cur
265 1471 492 1519 stomacher,
524 1471 662 1510 nescio.
692 1471 835 1510 Literae
852 1484 930 1519 me,
952 1479 990 1509 et
1018 1470 1146 1509 studia
1162 1475 1306 1517 noma,

176 1531 216 1562 et
234 1524 372 1571 otium,
393 1525 586 1577 villaeque,
603 1525 806 1572 delectant,
826 1525 1076 1576 maximeque
1093 1523 1203 1575 pueri
1220 1534 1309 1561 nos-

175 1577 238 1616 tri.
286 1579 410 1630 Angit
437 1591 540 1618 unus
574 1579 705 1618 Milo:
747 1579 827 1626 sed,
859 1578 991 1627 velim,
1025 1578 1144 1617 finem
1176 1575 1310 1615 afferat

175 1633 420 1671 consulatus:
451 1633 493 1671 in
526 1646 604 1685 quo
636 1633 758 1672 enitar
788 1645 866 1672 non
894 1632 1039 1680 minus,
1069 1644 1189 1684 quam
1219 1642 1309 1668 sum

177 1686 307 1724 enisus
336 1686 377 1724 in
397 1694 553 1726 nostro:
585 1695 707 1739 tuque
734 1687 847 1726 istinc
870 1686 994 1739 (quod
1018 1685 1129 1734 facis)
1148 1684 1309 1734 adiuva-

174 1740 248 1779 bis.
276 1739 341 1779 De
373 1754 465 1793 quo,
493 1749 627 1780 caetera
651 1741 742 1784 (nisi
769 1741 884 1793 plane
907 1740 965 1779 vis
987 1739 1186 1793 eripuerit)
1204 1744 1306 1782 recte

173 1802 288 1833 sunt:
319 1795 367 1833 de
385 1808 426 1833 re
444 1795 625 1834 familiari
643 1795 761 1834 timeo
777 1810 788 1834 ε

415 1870 461 1907 ‘0
483 1869 516 1907 δε
535 1886 703 1920 ,cmc-asma
725 1887 785 1909 ουκ
803 1872 858 1908 ετ’
880 1886 1055 1918 ανεκτως,

176 1958 245 2011 qui
263 1957 375 1997 ludos
395 1958 467 1998 HS
488 1958 590 1998 CCC·
611 1967 818 2011 comparet.
848 1957 975 2009 Cujus
993 1959 1034 1997 in
1056 1957 1130 1998 hoc
1147 1970 1227 1997 uno
1243 1958 1305 1998 in.

176 2013 501 2052 considerantiam
515 2021 553 2051 et
571 2026 642 2064 ego
657 2014 865 2063 sustinebo,
881 2022 927 2051 ut
943 2020 1102 2066 potero;
1132 2021 1184 2062 et,
1198 2021 1242 2052 tu
1261 2019 1305 2051 ut

175 2067 313 2119 possis,
333 2074 391 2106 est
409 2075 566 2105 tuorum
585 2079 805 2107 nervorum.

228 2120 293 2160 De
311 2128 422 2160 motu
441 2128 661 2174 temporum
682 2121 866 2161 venientis
884 2121 990 2170 anni,
1011 2120 1109 2160 nihil
1129 2127 1167 2164 te
1184 2120 1299 2161 intel-

172 2174 291 2226 ligere
317 2175 514 2215 volueram
537 2175 734 2217 domestici
763 2176 925 2225 timoris,
946 2175 1012 2214 sed
1036 2175 1085 2214 de
1103 2175 1300 2217 communi

169 2229 393 2280 reipublicae
417 2237 545 2276 statu:
576 2229 615 2268 in
646 2243 724 2282 quo
751 2230 900 2270 etiamsi
924 2229 1022 2274 nihil
1044 2241 1220 2281 procum,
1239 2234 1298 2267 ta-
