1498 2401
276 83 359 123 AD
388 82 676 122 ATTICUM.
707 83 807 120 Lm.
828 80 956 121 XIII.
982 83 1020 126 7.
1146 83 1221 121 143

102 190 254 230 audisse
273 204 296 230 a
315 189 499 238 Camillo,
520 197 799 230 commutatam
818 201 898 228 esse
908 189 1045 241 legem.
1077 189 1226 239 Pisoni,

102 244 199 297 quid
217 252 286 293 est,
306 244 411 297 quod
428 244 624 283 honestius
642 243 869 295 respondere
887 244 1092 295 possimus,
1108 257 1228 296 quam

102 298 348 338 solitudinem
363 297 522 338 Catonis
535 301 554 338 ἓ
573 311 643 338 nec
654 297 913 337 cohaeredibus
931 298 1057 336 solum
1077 298 1229 338 Heren-

102 352 242 402 nianis,
264 353 331 391 sed
350 353 479 400 etiam,
496 359 542 391 ut
560 353 646 401 scis,
669 356 730 395 (tu
750 352 853 390 enim
867 364 1022 390 mecum
1042 353 1168 403 egisti)
1181 353 1230 393 de

102 419 221 458 puero
241 407 432 446 Lucullo:
455 420 574 459 quam
589 407 791 458 pecuniam
806 412 909 443 tutor
923 409 1032 448 (nam
1051 407 1123 445 hoc
1135 421 1231 459 quo..

102 474 179 511 que
197 461 246 499 ad
275 474 357 500 rem
385 462 566 513 pertinet)
586 462 627 499 in
646 460 802 499 Achaia
827 467 1023 498 sumserat.
1054 461 1131 499 Sed
1149 462 1229 513 agit

100 515 321 563 liberaliter,
331 515 516 567 quoniam
530 522 644 566 negat
657 528 696 553 se
708 514 922 566 quidquam
936 513 1129 552 facturum
1143 529 1232 554 con-

102 576 162 607 tra
191 577 360 608 nostram
391 569 642 608 voluntatem.
682 569 825 607 Coram
847 567 966 618 igitur
996 569 1060 620 (ut
1082 570 1229 619 scribis)

101 624 390 671 constituemus,
404 622 734 675 quemadmodum
745 635 827 661 rem
839 622 1087 673 explicemus.
1107 623 1228 671 Quod

100 676 264 728 reliquos
283 677 494 716 cohaeredes
513 676 735 722 convenisti,
755 677 870 728 plane
887 678 985 714 bene
1003 676 1136 715 fecisti.

154 730 274 778 Quod
288 732 489 783 epistolam
507 744 637 769 meam
655 730 705 769 ad
718 731 890 769 Brutum
909 731 1047 781 poscis,
1060 743 1139 769 non
1156 733 1226 771 ha-

99 786 171 823 beo
190 786 273 835 ejus
291 785 541 836 exemplum:
573 785 639 823 sed
663 792 794 823 tamen
821 785 971 822 salvum
997 793 1078 831 est;
1110 793 1147 824 et
1172 787 1225 825 ait

101 838 212 887 Tiro,
234 845 271 877 te
287 839 427 877 habere
446 846 618 890 oportere
631 853 642 875 =
673 846 711 876 et
734 842 795 881 (ut
817 837 1007 883 recordor)
1030 840 1109 878 una
1135 853 1226 880 cum

101 892 207 931 illius
223 893 484 943 objurgatoria
502 892 574 930 tibi
592 904 720 930 meam
738 904 907 943 quoque,
928 905 1048 943 quam
1067 894 1117 932 ad
1136 907 1227 933 eum

102 947 384 998 rescripseram,
404 946 504 984 misi.

156 1001 186 1039 J
188 1000 341 1038 udiciali
359 998 532 1038 molestia
550 1009 594 1038 ut
613 1012 775 1046 caream,
796 999 952 1037 videbis.
983 1000 1229 1042 Tuditanum

103 1055 236 1103 istum,
257 1067 442 1106 proavum
464 1053 677 1100 Hortensii,
701 1054 816 1104 plane
835 1065 912 1091 non
931 1056 1094 1101 neram3
1126 1068 1163 1095 et
1182 1057 1227 1095 fi-

102 1109 216 1157 lium,
237 1108 305 1161 qui
323 1114 408 1147 tum
426 1119 504 1146 non
517 1114 693 1159 potuerat
705 1120 782 1145 esse
795 1107 958 1159 legatus,
978 1107 1094 1148 fuisse
1112 1111 1227 1163 puta-

103 1176 199 1201 ram.

160 1215 406 1256 Mummium
424 1215 541 1255 fuisse
553 1215 602 1254 ad
615 1215 860 1276 Corinthum,
877 1229 947 1267 pro
962 1224 1061 1256 certo
1078 1218 1224 1259 habeo:

105 1285 205 1323 saepe
235 1271 339 1309 enim
368 1269 431 1308 hic
456 1270 634 1322 Spurius,
660 1269 729 1320 qui
750 1281 874 1320 nuper
902 1277 958 1308 est
993 1270 1225 1333 [mortuus,]

105 1325 282 1378 epistolas
299 1323 397 1362 mihi
421 1324 694 1376 pronuntiabat
719 1323 911 1362 versiculis
929 1324 1073 1375 facetis,
1103 1327 1152 1365 ad
1171 1328 1231 1367 fa.

105 1380 272 1419 miliares
285 1378 420 1417 missas
433 1392 457 1417 a
472 1377 672 1418 Corintho
705 1377 781 1418 Sed
793 1390 871 1416 non
882 1378 1030 1427 dubito,
1044 1381 1140 1432 quin
1153 1383 1233 1421 fra-

103 1435 155 1473 tri
171 1433 287 1473 fuerit
300 1433 463 1484 legatus,
478 1445 556 1472 non
570 1433 610 1471 in
627 1432 769 1471 decem.
798 1437 933 1483 Atque
950 1433 1022 1472 hoc
1036 1435 1153 1474 etiam
1167 1450 1231 1476 ac-

102 1489 201 1541 cepi,
220 1500 298 1526 non
317 1487 444 1526 solitos
461 1488 625 1537 majores
643 1494 790 1525 nostros
807 1487 954 1537 legare
944 1500 985 1525 in
999 1488 1231 1538 decem,ui
1162 1505 1231 1543 qui

107 1550 231 1582 essent
241 1542 519 1603 imperatorum
532 1541 743 1590 necessarii,
759 1548 804 1579 ut
817 1553 900 1588 nos,
913 1541 1037 1592 ignari
1051 1545 1230 1605 pulcher-

61 1602 67 1604 *
108 1597 296 1636 rimorum
324 1595 604 1644 institutorum,
635 1603 703 1634 aut
731 1595 967 1646 negligentes
994 1598 1135 1660 potius,
1165 1599 1229 1638 M.

108 1651 320 1690 Lucullum
328 1650 421 1688 etL.
435 1651 659 1698 Murenam,
675 1656 712 1688 et
723 1656 874 1688 caeteros
885 1651 1229 1702 conjunctissimos,

110 1706 160 1744 ad
179 1705 228 1744 L.
245 1705 457 1743 Lucullum
475 1705 664 1743 misimus.
694 1703 878 1755 Illudque
904 1712 1162 1758 ευλογωτατον,
1182 1708 1231 1747 il-

109 1761 194 1799 lum
212 1757 349 1798 fratri*
338 1771 379 1796 in
397 1758 530 1810 primis
550 1760 632 1808 ejus
650 1758 785 1809 legatis
803 1758 933 1796 fuisse.

166 1813 338 1865 Operam
357 1818 465 1850 tuam
481 1812 673 1851 multam!
705 1812 774 1864 qui
793 1818 830 1850 et
847 1812 929 1851 haec
947 1825 1069 1863 cures,
1089 1822 1127 1853 et
1144 1828 1231 1856 mea

110 1867 304 1930 expedias,
325 1873 364 1905 et
388 1866 438 1906 sis
465 1867 507 1905 in
524 1867 600 1906 tuis
618 1866 743 1905 multo
760 1866 890 1905 minus
914 1866 1090 1919 diligens,
1111 1883 1230 1922 quam

59 1956 61 1960 Α
110 1935 277 1962 ΠΙΪΠΕΙ5

348 2029 438 2082 (7.)
468 2027 681 2070 cicnno
709 2026 925 2069 Africo
955 2029 996 2069 5.

167 2139 322 2179 Sextius
339 2138 444 2192 apud
460 2151 524 2178 me
541 2138 629 2188 fuit,
642 2145 680 2177 et
693 2138 970 2191 Theopompus
988 2139 1137 2192 pridie:
1167 2154 1232 2180 ve-

114 2193 215 2233 nisse
243 2207 268 2233 a.
297 2193 446 2233 Caesare
472 2195 651 2234 narrabat
675 2192 830 2239 literas;
859 2192 931 2232 hoc
955 2193 1130 2244 scribere,
1159 2196 1232 2235 sibi
