1498 2401
208 109 292 155 272
392 107 475 148 An
504 110 560 158 Q.
589 107 893 149 FRATREM.
920 108 1022 150 Lm.
1053 107 1086 147 1.
1119 109 1155 150 1.

196 217 317 256 -hunc
346 229 434 256 vero
463 217 513 256 ad
544 224 657 256 tuum
682 229 889 257 numerum
913 218 1076 257 libenter
1100 216 1303 259 adscribito
1317 233 1330 258 ε

210 271 271 309 sin
290 278 420 310 autem
438 272 480 310 id
507 284 585 311 non
607 272 837 324 perspiciam
866 273 1021 311 nuHum
1050 271 1121 311 erit
1149 284 1270 324 genus
1292 273 1335 311 in

212 324 473 365 familiaritate
505 326 718 365 cavendum
749 327 873 378 magis
889 340 901 373 3
931 333 1133 378 propterea
1164 326 1270 379 quod
1298 334 1336 366 et

210 391 344 418 omnes
363 380 443 418 vias
460 380 633 432 pecuniae
651 382 808 429 norunt,
829 389 867 419 et
885 381 1016 419 omnia
1034 379 1206 432 pecuniae
1224 379 1337 420 causa

212 433 359 472 faciunt
375 447 385 471 ε
417 442 467 482 et,
488 436 648 486 quicum
666 434 803 473 victuri
821 447 899 474 non
918 442 1023 483 sunt,
1042 435 1124 485 ejus
1143 435 1340 474 existima-

215 488 312 525 tioni
331 489 524 527 consulere
543 501 620 527 non
640 497 786 527 curant.

201 562 207 566 ·
270 543 404 594 Atque
436 543 550 580 etiam
580 556 601 581 e
633 543 778 581 Graecis
805 544 896 596 ipsis
926 543 1128 594 diligenter
1160 543 1338 582 cavendae

213 604 307 634 sunt
335 596 514 648 quaedam
546 597 837 646 familiaritates,
863 605 1000 649 praeter
1017 597 1222 636 hominum
1250 610 1338 649 per-

215 663 442 701 paucorum,
464 651 495 689 si
514 651 582 702 qui
601 659 690 689 sunt
709 661 833 690 vetere
852 650 1000 689 Graecia
1017 649 1137 702 digni.
1166 651 1229 691 Sic
1247 663 1336 690 vero

215 704 368 743 fallaces
387 712 477 742 sunt
495 705 691 756 permulti,
712 712 749 743 et
765 706 882 752 leves,
903 712 940 743 et
958 704 1140 743 diuturna
1157 705 1337 744 servitute

216 758 266 796 ad
284 758 447 796 nimiam
466 759 761 797 assentationem
786 759 949 805 eruditi3
980 771 1076 810 quos
1094 772 1164 809 ego
1182 759 1336 797 univer-

205 825 275 850 ·sos
294 812 465 850 adhiberi
486 813 704 861 liberaliter,
734 813 926 864 optimum
953 825 1148 864 quemque
1171 811 1336 865 hospitio

217 866 463 918 amicitiaque
491 867 688 918 conjungi,
718 867 803 906 dico
827 874 1011 918 oportere·
1048 866 1194 905 Nimiae
1221 867 1335 905 fami-

213 920 396 959 liaritates
417 933 550 958 eorum
573 934 699 973 neque
717 928 797 959 tam
824 922 954 960 fideles
979 927 1082 969 sunt,
1111 923 1206 965 (non
1233 921 1337 960 enim

216 974 360 1012 audent
378 974 567 1013 adversari
593 975 730 1014 nostris
758 975 1035 1023 voluntatibus)
1065 982 1102 1013 et
1131 988 1219 1014 vero
1238 975 1339 1015 invi-

173 1026 176 1028 *
216 1028 322 1075 dent,
343 1041 421 1067 non
439 1029 576 1067 nostris
594 1030 735 1079 solum,
755 1042 890 1068 verum
909 1030 1023 1068 etiam
1043 1029 1134 1067 suis.

231 1094 234 1096 ·
271 1083 348 1121 VI.
377 1083 407 1121 J
409 1096 473 1121 am
492 1084 560 1135 qui
579 1084 620 1121 in
639 1085 828 1133 ejusmodi
846 1085 958 1122 rebus
978 1083 1034 1127 (in
1054 1083 1195 1135 quibus
1209 1096 1339 1122 vereor

217 1137 334 1176 etiam
352 1150 401 1175 ne
420 1137 550 1176 durior
553 1137 660 1199 sim)
691 1146 825 1177 cautus
844 1150 923 1176 esse
948 1137 1064 1176 velim
1084 1150 1127 1176 ac
1146 1137 1335 1188 diligens·
1322 1166 1336 1184 ‚

204 1205 295 1244 -quo
314 1205 377 1230 me
396 1192 525 1230 animo
551 1192 592 1230 in
611 1205 738 1231 servos
763 1205 842 1231 esse
860 1193 1022 1230 censes?
1051 1204 1146 1243 quos
1165 1191 1338 1253 quidem,

216 1259 307 1284 cum
333 1246 512 1285 omnibus
535 1246 577 1284 in
603 1246 709 1294 locis,
740 1255 825 1285 tum
843 1246 1034 1298 praecipue
1051 1245 1093 1283 in
1120 1245 1338 1298 provinciis,

215 1313 347 1352 regere
362 1300 574 1340 debemus:
606 1314 684 1352 quo
708 1300 756 1340 de
774 1313 911 1352 genere
932 1300 1058 1339 multa
1080 1299 1234 1352 praecipi
1251 1312 1340 1361 pos-5

216 1362 331 1392 sunt:
362 1355 429 1393 sed
446 1355 519 1393 hoc
538 1362 575 1393 et
594 1355 861 1394 brewssimum
876 1360 946 1402 est,
966 1361 1004 1393 et
1021 1353 1202 1392 facillime
1219 1353 1340 1392 teneri

217 1416 355 1460 potest,
383 1416 428 1447 ut
452 1409 506 1446 ita
531 1422 570 1447 se
594 1416 729 1475 gerant
753 1409 793 1446 in
812 1408 892 1447 istis
910 1407 1093 1446 Asiaticis
1123 1407 1337 1457 itineribus,

219 1470 266 1500 ut
284 1462 315 1501 si
333 1463 405 1501 iter
419 1461 553 1514 Appia
566 1463 629 1501 via
640 1463 800 1508 faceres3
822 1475 917 1501 neve
933 1463 1111 1500 interesse
1124 1461 1340 1514 quidquam

219 1524 371 1568 putent,
391 1524 524 1554 utrum
542 1517 693 1555 Tralles
712 1529 761 1555 an
780 1516 956 1555 Formias
974 1516 1157 1554 venerint.

273 1570 346 1620 At,
367 1571 399 1609 si
418 1570 504 1622 quis
523 1580 578 1609 est
597 1584 644 1609 ex
664 1571 778 1610 servis
797 1570 947 1622 egregie
965 1570 1087 1608 fidelis
1103 1584 1115 1616 3
1146 1569 1196 1608 sit
1212 1570 1254 1618 in
1272 1569 1340 1608 do-

220 1625 386 1664 mesticis
403 1627 532 1673 rebus,
553 1633 590 1663 et
605 1625 787 1676 privatis:
818 1638 906 1676 quae
924 1637 982 1663 res
1002 1624 1051 1662 ad
1078 1623 1247 1662 officium
1264 1623 1340 1662 im-

217 1679 315 1730 perii
334 1679 404 1726 tui,
426 1686 542 1730 atque
570 1679 619 1717 ad
637 1679 808 1731 aliquam
826 1686 976 1730 partem
994 1677 1048 1716 rei
1071 1678 1240 1729 publicae
1253 1691 1340 1729 per-

220 1733 410 1780 tinebunt,
432 1733 479 1771 de
497 1734 556 1771 his
576 1735 687 1771 rebus
699 1746 747 1771 ne
762 1733 857 1785 quid
870 1733 1046 1784 attingat.
1072 1732 1206 1771 Multa
1219 1732 1338 1780 enim,

219 1801 308 1839 quae
326 1795 425 1825 recte
444 1787 633 1825 committi
651 1787 765 1826 servis
790 1787 967 1825 fidelibus
995 1793 1168 1838 possunt,
1194 1788 1339 1834 tamen,

221 1841 404 1880 sermonis
435 1848 472 1879 et
503 1841 791 1893 vituperationis
823 1841 988 1880 vitandae
1013 1840 1141 1889 caus'a,
1161 1840 1338 1879 commit-

210 1895 339 1934 -tenda
356 1908 433 1934 non
452 1904 553 1934 sunt.

213 1976 217 1987 1
277 1949 368 1998 Sed,
402 1949 527 1988 nescio
556 1962 634 2011 quo
663 1957 788 2001 pacto,
815 1949 865 1988 ad
887 1949 1132 2002 praecipiendi
1155 1948 1341 1988 rationem

223 2003 381 2065 delapsa
399 2011 455 2042 est
483 2004 603 2042 oratio
619 2017 721 2052 mea,
741 2017 831 2043 cum
853 2004 894 2042 id
911 2004 1009 2042 mihi
1026 2003 1264 2056 propositum
1282 2003 1342 2041 in-

212 2058 293 2096 *itio
311 2070 389 2096 non
407 2058 551 2096 fuisset.
581 2058 690 2106 Quid
709 2059 812 2096 enim
824 2059 859 2097 ei
872 2058 1106 2111 praecipiam,
1120 2070 1236 2110 quem
1254 2070 1342 2109 ego,

223 2111 265 2150 in
294 2111 367 2151 hoc
396 2112 607 2164 praesertim
631 2124 782 2163 genere,
803 2112 1018 2164 intelligam
1034 2111 1241 2164 prudentia
1265 2123 1344 2149 non

223 2179 304 2204 esse
322 2166 554 2214 inferiorem,
582 2179 701 2218 quam
719 2179 782 2205 me
799 2180 811 2212 3
842 2181 915 2205 usu
934 2180 1022 2205 vero
1042 2166 1157 2205 etiam
1176 2165 1346 2218 superio-

221 2233 304 2259 rem
322 2223 340 2260 ?
370 2221 446 2260 Sed
475 2229 621 2271 tamen,
648 2221 694 2271 si,
716 2220 766 2261 ad
791 2234 836 2261 ea
853 2235 942 2274 quae
966 2221 1120 2271 faceres,
1140 2219 1343 2260 auctoritas
