1513 2370
168 65 245 104 118
344 67 437 126 ‘AD
456 68 747 110 ATTICUM.
775 70 875 110 Lm.
895 68 999 108 XII.
1027 71 1095 108 25.

377 176 497 230 (24.)
527 178 740 220 CICERO
767 179 992 221 ATTICO
1020 179 1061 218 S.

213 282 324 322 Bene
339 283 430 324 fecit
442 286 496 325 A.
517 287 649 338 smus,
668 289 738 341 qui
756 289 1002 341 transegerit:
1032 298 1159 338 neque
1176 283 1281 324 enim

161 335 197 375 ei
221 337 349 378 deesse
368 341 572 389 volebam;
603 351 654 392 et,
675 343 770 396 quid
797 356 964 396 possem,
990 342 1188 381 timebam.
1217 338 1282 377 De

160 389 278 440 Ovis,
306 395 460 445 confice,
481 404 525 435 ut
544 397 687 437 scribis.
727 398 791 437 De
810 398 1006 446 Cicerone,
1025 406 1179 447 tempus
1204 406 1284 454 eqse

153 445 239 495 jam
257 447 419 488 videtur.
449 451 524 490 Sed
544 465 689 504 quaero,
705 452 810 505 quod
826 453 884 490 illi
901 466 998 505 opus
1017 451 1088 490 erit
1103 448 1282 496 Athenis,

159 503 420 551 permutarine
434 506 565 557 possit,
585 520 634 545 an
653 507 726 559 ipsi
744 507 945 545 ferendum
964 507 1014 545 sit
1029 520 1041 551 ;
1063 505 1110 543 de
1128 500 1284 563 totaque

160 567 216 603 re,
242 558 572 607 quemadmodum
591 569 629 600 et
647 561 802 613 quando
827 561 989 613 placeat,
1010 560 1141 606 velim,
1161 568 1285 596 conm-

160 608 279 649 ἀει-ω.
311 611 503 653 Publilius
521 615 692 655 iturusne
711 616 759 655 sit
783 615 824 653 in
848 616 1038 663 Africam,
1055 622 1093 653 et
1111 610 1282 665 quando,

160 675 210 702 ex
227 665 373 704 Atedio
396 668 490 707 scire
518 670 682 721 poterisz
713 683 876 722 quaeras,
902 678 940 709 et
961 669 1010 708 ad
1033 681 1098 707 me
1127 666 1284 714 scribas,

160 718 290 758 velim.
333 720 404 771 Et,
430 730 476 761 ut
500 723 549 762 ad
578 737 682 763 meas
709 724 873 776 ineptias
897 724 1066 770 redeam,
1085 721 1202 761 velim
1220 731 1286 758 me

161 774 360 813 certiorem
374 775 505 825 facias,
527 778 573 816 P.
591 779 764 827 Crassus,
786 779 987 818 Venuleiae
1010 777 1128 824 filius,
1147 775 1285 814 vivone

162 826 210 864 P.
232 828 367 868 Crasso
387 832 592 881 consulari,
617 841 725 885 patre
750 845 834 881 suo,
859 840 1035 871 mortuus
1063 831 1125 878 sit,
1151 836 1197 868 ut
1214 840 1286 880 ego

161 883 381 922 meminisse
408 885 552 933 videor,
572 899 621 925 an
640 894 739 939 post.
771 885 873 925 Item
898 898 1030 939 quaero
1047 884 1096 924 de
1113 883 1284 935 Regillo,

162 934 304 988 Lepidi
325 937 419 987 filio,
440 948 589 979 rectene
613 941 870 989 meminerim,
891 948 999 993 patre
1027 939 1114 979 vivo
1138 944 1287 976 mortu-

163 1002 246 1028 um.
279 989 462 1045 Cispiana
478 995 700 1046 explicabis,
713 995 885 1047 itemque
900 994 1107 1034 Praeciana.
1136 992 1201 1032 De
1214 990 1290 1030 At-

160 1043 250 1095 tica,
270 1047 414 1098 optime
436 1047 520 1102 [ie]
551 1049 604 1089 Ei
622 1050 787 1089 salutem
809 1050 924 1099 dices,
945 1056 984 1089 et
1003 1048 1126 1088 Piliae.

386 1210 504 1264 (25.)
532 1211 746 1253 CICERO
773 1211 997 1253 A'r'rmo
1024 1213 1066 1253 s.

223 1318 382 1371 Scripsit
399 1320 449 1359 ad
462 1334 525 1360 me
536 1321 738 1372 diligenter
757 1321 844 1360 Sica
862 1321 909 1359 de
929 1320 1037 1368 Silio,
1054 1334 1170 1374 seque
1184 1320 1234 1359 ad
1253 1328 1290 1359 te

166 1384 249 1410 rem
269 1373 474 1421 detulisse;
505 1375 609 1428 quod
627 1383 670 1414 tu
689 1375 794 1414 idem
812 1375 956 1415 scribis.
986 1375 1094 1414 Mihi
1120 1383 1158 1414 et
1175 1388 1234 1414 res
1253 1382 1292 1413 et

165 1426 331 1466 conditio
356 1428 494 1479 placet,
521 1429 672 1477 sedita,
692 1437 737 1468 ut
761 1437 962 1469 numerato
987 1430 1137 1478 malim,
1171 1441 1291 1481 quam

166 1480 428 1521 aestimatione.
475 1484 724 1536 Voluptarias
760 1484 864 1523 enim
895 1485 1147 1536 possessiones
1186 1483 1291 1522 nolet

166 1534 296 1573 Silius.
338 1536 602 1590 Vectigalibus
621 1546 752 1577 autem
770 1547 815 1576 ut
833 1539 893 1577 his
917 1552 1075 1591 possum
1103 1551 1183 1578 esse
1201 1549 1293 1577 con-

166 1596 307 1637 tentus,
328 1604 415 1642 quae
432 1592 569 1640 habeo,
589 1593 641 1632 sic
660 1592 726 1631 vix
737 1592 950 1631 minoribus
966 1608 977 1632 ε
997 1593 1102 1632 unde
1112 1605 1203 1645 ergo
1216 1604 1292 1630 nu·

166 1644 340 1682 merato?
371 1645 443 1685 HS
478 1646 557 1687 DC
591 1648 782 1699 exprimes
812 1649 860 1686 ab
898 1647 1160 1700 Hermogene,
1198 1659 1291 1686 cum

163 1699 378 1748 praesertim
393 1712 541 1740 necesse
556 1701 626 1739 erit
642 1716 652 1739 :
684 1710 722 1740 et
746 1701 852 1740 domi
871 1701 979 1741 video
993 1716 1072 1742 esse
1091 1702 1164 1741 HS
1183 1699 1264 1740 DC
1277 1714 1289 1738 :

166 1751 324 1804 reliquae
343 1755 515 1805 pecuniae
533 1756 594 1794 vel
612 1769 771 1795 usuram
795 1756 888 1795 Silio
901 1757 1129 1808 pendemus,
1149 1755 1246 1794 dum
1266 1768 1292 1793 a

164 1805 341 1855 Faberio,
363 1809 424 1846 vel
450 1811 498 1848 ab
520 1810 651 1862 aliquo
670 1810 739 1862 qui
758 1811 919 1849 Faberio
938 1810 1065 1859 debet,
1085 1821 1292 1862 repraesen-

167 1861 347 1900 tabimus.
377 1863 465 1901 Erit
479 1863 594 1902 etiam
609 1864 756 1916 aliquid
770 1865 957 1904 alicunde.
987 1865 1064 1905 Sed
1078 1872 1199 1904 totam
1209 1876 1291 1902 rem

167 1921 212 1952 tu
230 1917 473 1966 gubernabis.
499 1918 704 1958 Drusianis
719 1932 807 1958 vero
825 1919 896 1958 hos
913 1919 1034 1959 hortis
1047 1920 1172 1958 multo
1186 1925 1294 1956 ante-

168 1981 298 2020 pono:
329 1985 454 2024 neque
479 1980 569 2010 sunt
587 1985 762 2025 unquam
782 1974 1002 2025 comparati.
1042 1973 1149 2013 Mihi
1167 1971 1292 2020 crede,

166 2035 246 2062 una
257 2037 320 2064 me
339 2039 452 2065 causa
465 2034 607 2075 movet,
622 2027 663 2064 in
675 2026 752 2080 qua
763 2028 839 2067 scio
849 2041 913 2066 me
926 2030 1164 2078 τετυφωσθαι
1179 2042 1190 2066 2
1210 2026 1294 2073 ted„

167 2084 213 2116 ut
243 2078 350 2129 facis,
381 2082 588 2133 obsequere
623 2081 714 2121 huic
744 2082 860 2121 errori
887 2094 988 2121 meo.
1038 2082 1161 2127 Nam,
1192 2079 1297 2133 quod

167 2133 298 2172 scribis
318 2150 525 2186 εῃηραμα,
546 2143 676 2175 actum
693 2137 776 2187 jam
801 2136 849 2175 de
866 2136 939 2176 isto
957 2144 1038 2176 est:
1069 2135 1146 2175 alia
1171 2134 1298 2187 magis

172 2199 315 2237 quaero.
