1498 2401
213 96 294 136 300
386 96 471 136 AD
499 96 554 146 Q.
573 97 880 138 FRATREM.
909 99 1011 138 Lm.
1030 98 1093 138 II.
1118 100 1165 138 3.

210 212 274 244 tur
289 219 303 243 ε
322 204 371 245 de
381 205 530 257 Bestia,
546 206 712 247 ambitus
725 219 804 257 ree,
821 221 844 247 a
861 220 900 247 se
911 207 1065 247 defenso
1079 221 1095 255 3
1122 213 1162 246 et
1174 206 1249 246 alia
1266 205 1342 245 do-

212 259 401 310 mastica.)

267 368 409 421 Scripsi
445 369 494 408 ad
532 378 569 409 te
600 377 713 409 antea
744 370 962 422 superiorat
1003 381 1109 409 nunc
1137 379 1342 421 cognosce,

211 430 342 475 postea
371 437 459 476 quae
489 425 566 463 sint
595 432 690 463 acta.
731 425 770 463 A
796 425 879 463 Gal.
910 425 1024 463 Febr.
1059 425 1266 476 legationes
1293 423 1337 461 in

214 477 310 515 Idus
325 478 439 516 Febr.
460 478 739 528 rejiciebantur.
768 479 830 518 Eo
849 479 910 517 die
924 492 982 518 res
997 478 1167 517 confecta
1177 490 1255 517 non
1267 484 1338 516 aet.

211 531 266 570 A.
287 531 325 569 d.
353 532 418 571 IV
436 533 571 571 Nonas
590 533 831 580 Februarias,
862 533 965 571 Milo
989 532 1101 570 affiiit
1115 547 1127 571 z
1156 532 1191 571 ei
1217 532 1341 571 Pom·

211 585 322 637 peius
341 586 546 625 advocatus
565 587 680 625 venit.
718 587 833 626 Dixit
852 587 1077 633 Marcellus,
1104 600 1128 625 a
1144 599 1209 624 me
1226 599 1338 637 roga-

212 647 287 678 tus.
319 640 491 679 Honeste
515 641 766 680 discessimus.
800 641 994 680 Producta
1021 640 1101 679 dies
1129 648 1186 679 est
1212 640 1253 678 in
1273 639 1338 679 IV

215 693 277 732 Id.
297 694 411 733 Febr.
442 695 621 742 Interim,
645 695 792 744 rejectis
815 695 1071 746 legationibus
1084 694 1127 732 in
1146 694 1256 742 Idus,
1276 707 1341 733 re-

212 747 406 787 ferebatur
427 749 474 787 de
504 749 707 800 provinciis
737 756 989 800 quaestorum,
1023 755 1062 786 et
1088 747 1136 787 de
1158 747 1339 787 ornandis

212 802 451 853 praetoribus.
495 803 573 842 Sed
600 815 673 852 res,
701 804 835 842 multis
865 802 1028 855 querelis
1053 802 1102 840 de
1123 815 1165 841 re
1181 801 1340 854 publica

213 856 514 908 interponendis,
541 857 651 895 nulla
678 864 868 896 transacta
886 864 956 895 est.
987 856 1085 895 Cato
1106 856 1232 908 legem
1249 869 1343 908 pro·

213 921 252 947 m
300 910 404 948 «ravit
431 910 478 949 de
505 910 668 962 imperio
695 911 855 950 Lentuli
884 909 1126 962 abrogando:
1156 911 1339 949 vestitum

214 964 318 1002 filius
343 964 521 1003 mutavit.
555 967 610 1003 A.
631 964 669 1003 d.
689 965 803 1004 VIII
832 965 894 1004 Id.
924 965 1038 1004 Febr.
1069 964 1172 1003 Milo
1199 963 1339 1003 affuit:

214 1017 313 1056 dixit
333 1018 555 1070 Pompeius,
576 1019 654 1057 sive
673 1019 795 1058 voluit
811 1034 822 1058 t
853 1032 960 1067 nam,
983 1026 1029 1057 ut
1047 1017 1226 1064 surrexit,
1245 1030 1339 1070 ope·

213 1084 266 1111 rae
285 1072 482 1111 Clodianae
500 1074 708 1112 clamorem
727 1074 966 1112 sustulerunt
977 1087 989 1111 ε
1018 1072 1137 1124 idque
1155 1073 1190 1110 ei
1204 1085 1342 1125 perpe.

213 1126 283 1165 tua
301 1127 469 1166 oratione
489 1127 661 1178 contigit,
682 1140 759 1166 non
778 1127 894 1166 modo
913 1135 958 1166 ut
976 1126 1262 1175 acclamatione,
1275 1126 1341 1166 sed

215 1187 260 1218 ut
279 1181 446 1220 convicio
473 1189 510 1219 et
528 1181 755 1231 maledictis,
775 1182 1038 1234 impediretur.
1078 1181 1162 1229 Qui
1183 1188 1230 1220 ut
1255 1194 1344 1233 per-

213 1235 348 1283 oravit,
360 1236 471 1287 (nam
485 1236 526 1274 in
539 1249 582 1274 eo
596 1248 687 1274 sane
705 1236 812 1274 fortis
826 1236 902 1274 fuit
917 1249 929 1282 ς
951 1248 1029 1274 non
1043 1243 1100 1273 est
1113 1234 1314 1274 deterritus
1327 1249 1341 1274 ε

213 1287 314 1327 dixit
341 1289 472 1328 omnia
488 1303 499 1335 ;
530 1297 647 1341 atque
677 1290 872 1328 interdum
902 1290 1019 1329 etiam
1051 1288 1216 1336 silentio,
1251 1301 1342 1328 cum

213 1343 435 1382 auctoritate
451 1345 666 1395 peregerat)
683 1344 763 1392 sed,
783 1354 829 1382 ut
839 1344 1044 1396 peroravit,
1065 1342 1230 1381 surrexit
1249 1343 1344 1382 Clo-

212 1396 311 1435 dius.
337 1397 389 1435 Ei
408 1405 537 1436 tantus
556 1398 700 1436 clamor
724 1411 747 1436 a
772 1399 910 1436 nostris
930 1398 1143 1449 (placuerat
1161 1397 1264 1435 enim
1283 1410 1344 1436 re-

212 1449 309 1489 ferre
327 1452 525 1502 gratiam),
544 1458 589 1489 ut
607 1463 732 1504 neque
747 1458 890 1502 mente,
906 1464 1032 1504 neque
1050 1450 1200 1502 linqu
1216 1463 1342 1504 neque

213 1516 291 1552 ore,
307 1505 536 1544 consisteret.

267 1558 329 1596 Ea
348 1572 406 1598 res
426 1567 508 1598 acta
523 1567 592 1606 est,
610 1572 699 1598 cum
717 1559 813 1599 hora
828 1559 935 1598 sexta
947 1560 1012 1598 vix
1028 1558 1237 1610 Pompeius
1254 1571 1341 1611 per-

214 1612 370 1661 orasset,
390 1626 513 1665 usque
531 1613 580 1651 ad
605 1614 740 1652 horam
771 1621 970 1659 octavam3
1001 1626 1090 1652 cum
1110 1612 1240 1651 omnia
1257 1626 1341 1652 ma-

211 1666 364 1715 ledicta,
399 1680 528 1705 versus
558 1667 673 1706 etiam
706 1642 992 1716 obscoenissinii,
1023 1667 1065 1704 in
1095 1666 1276 1705 Clodium
1304 1676 1342 1707 et

215 1719 392 1759 Clodiam
412 1721 637 1759 dicerentur.
668 1721 756 1771 Ille,
777 1722 908 1760 furens
927 1729 965 1759 et
988 1720 1205 1772 exsanguis,
1225 1721 1341 1760 inter-

213 1775 372 1825 rogabat
391 1788 491 1822 suos,
512 1775 553 1813 in
573 1776 737 1814 clamore
755 1776 852 1827 ipso,
873 1775 960 1827 quis
979 1782 1088 1821 esset,
1102 1774 1170 1825 qui
1187 1775 1341 1826 plebem

212 1827 317 1866 fame
344 1837 506 1867 necaret.
545 1829 846 1891 Respondebam
872 1842 1010 1881 operae,
1038 1831 1067 1851 “
1088 1829 1310 1880 Pompeius.
1313 1830 1340 1848 ’'

215 1881 316 1929 Quis
323 1882 622 1921 Alexandriam
611 1897 666 1922 ire
673 1890 839 1935 cuperet.
855 1882 1169 1935 Respondebam,
1182 1885 1193 1905 ‘
1199 1885 1213 1905 ‘
1221 1883 1341 1922 Pom-

212 1935 351 2008 peius':
354 1936 571 1984 ''Quem
559 1950 615 1976 ire
641 1938 795 1976 vellent.
833 1936 1148 1997 Respondebam,
1179 1938 1210 1959 ‘⁶
1226 1936 1360 1976 Cras--

212 1990 330 2028 sum.'
335 1988 410 2029 ’Is
425 1991 553 2029 aderat
567 1999 667 2038 tum,
681 1991 826 2030 Miloni
837 1991 966 2030 animo
977 2003 1056 2029 non
1066 1989 1200 2029 amico.
1227 1990 1340 2030 Hora

211 2042 292 2081 fere
310 2045 426 2093 nona,
447 2044 557 2097 quasi
576 2045 685 2096 signo
696 2045 799 2093 dato,
816 2044 994 2084 Clodiani
1011 2051 1159 2083 nostros
1173 2056 1338 2096 conspu-

212 2103 294 2135 tare
311 2105 518 2150 coepenmt.
543 2098 703 2137 Exarsit
721 2099 839 2137 dolor.
867 2098 1019 2150 Urgere
1028 2098 1100 2145 illi,
1114 2104 1159 2136 ut
1168 2098 1254 2136 loco
1267 2111 1337 2138 nos

211 2159 418 2193 moverent.
447 2153 589 2194 Factus
608 2160 664 2194 est
681 2153 855 2195 anostris
880 2152 1072 2206 impetus:
1091 2151 1338 2205 fugaopera-
1414 2210 1417 2213 Α
