1467 2401
331 97 421 153 ,AD
439 96 728 136 ATTICUM.
758 97 861 136 Lm.
881 96 960 135 XI.
990 97 1059 134 24.
1208 99 1261 135 95

132 205 291 254 mutari,
311 204 344 243 si
367 205 477 244 aliter
496 213 552 244 est
570 213 687 258 atque
716 213 879 257 oportet,
902 217 980 242 non
1003 203 1114 243 video
1139 217 1262 256 posse.

132 259 224 308 Sed,
245 272 335 298 cum
354 262 402 298 ab
421 260 488 298 illo
506 261 734 311 accepissem
752 260 894 307 literas,
917 259 1128 297 desideravi
1147 267 1232 298 tuas
1249 274 1260 298 :

130 312 203 351 etsi
230 315 432 365 putabam,
464 322 501 352 te
531 314 729 353 certiorem
750 314 898 352 factum
923 325 1001 350 non
1026 326 1119 360 esse,
1147 314 1263 353 modo

130 367 274 406 valeres
291 382 302 405 :
333 368 534 420 scripseras
554 369 673 418 enim,
694 376 732 407 te
751 367 922 420 quodam
940 367 1171 406 valetudinis
1190 381 1256 419 ge·

127 431 218 459 nere
237 422 390 460 tentari.

186 475 360 514 Acusius
379 476 540 528 quidam
567 475 708 514 Rhodo
727 483 883 514 venerat
900 475 1016 514 VIII
1039 474 1102 522 ld.
1120 475 1262 523 Quint.

133 527 178 568 Is
202 530 421 580 nuntiabat,
451 531 648 579 Quintum
671 530 798 568 filium
824 530 874 568 ad
898 529 1090 568 Caesarem
1115 530 1263 582 profec-

132 589 220 621 tum
242 584 305 622 IV
325 584 408 623 Cal,
437 585 604 630 Junias;
637 584 896 622 Philotimum
922 583 1111 622 Rhodum
1140 584 1264 635 pridie

134 649 225 676 eum
255 638 359 677 diem
388 639 562 684 venisse3
595 639 736 676 habere
769 638 818 676 ad
849 651 913 676 me
942 638 1083 676 literas.
1125 636 1264 689 Ipsum

125 691 323 731 Acusium
337 693 492 732 audies:
518 693 583 732 sed
602 692 747 731 tardius
760 692 831 730 iter
846 692 1009 730 faciebat
1025 706 1035 730 ε
1067 705 1110 730 eo
1129 693 1202 731 feci
1217 700 1263 731 ut

128 745 204 785 has
233 747 403 786 celeriter
429 748 537 786 eunti
569 747 713 786 darem.
758 747 868 795 Quid
901 747 948 785 sit
980 746 1020 784 in
1042 746 1090 785 iis
1127 747 1262 796 literis,

130 801 288 839 nescio:
319 801 386 840 sed
414 802 513 840 mihi
542 801 653 840 valde
683 801 856 849 Quintus
887 801 1003 839 frater
1033 802 1263 851 gratulatur.

133 853 347 907 Equidem,
368 855 408 893 in
427 869 515 894 meo
535 863 642 895 tanto
660 864 829 907 peccato,
850 855 949 893 nihil
968 868 1016 893 ne
1037 855 1265 906 cogitatione

134 909 294 961 quidem
313 910 465 962 assequi
483 924 655 962 possum,
676 910 781 961 quod
811 909 909 947 mihi
927 909 1124 948 tolerabile
1143 909 1264 961 possit

133 976 228 1003 osse.
255 963 317 1002 Te
338 977 417 1013 oro,
437 972 483 1002 ut
502 965 549 1003 de
566 964 639 1003 hac
666 964 807 1002 misera
826 964 994 1015 cogites,
983 977 993 986 ·
1026 971 1063 1001 et
1081 964 1195 1012 illud,
1215 964 1264 1002 de

131 1030 211 1070 quo
230 1017 280 1056 ad
298 1028 336 1056 te
354 1019 528 1070 proxime
548 1018 693 1070 scripsi,
714 1025 758 1056 ut
786 1018 936 1079 aliquid
964 1018 1186 1056 conficiatur
1213 1017 1263 1056 ad

129 1071 302 1124 inopiam
321 1073 636 1124 propulsandam,
659 1080 696 1110 et
715 1072 831 1110 etiam
851 1072 926 1110 de
916 1085 999 1133 ipso
1018 1080 1261 1111 testamento.

123 1126 241 1164 Illud
271 1140 426 1178 quoque
455 1128 595 1165 vellem
625 1134 761 1164 antea·
794 1126 860 1164 sed
885 1127 1015 1164 omnia
1044 1126 1262 1165 timuimus.

128 1178 280 1218 Melius
299 1180 505 1232 quidem,
493 1194 535 1218 m
554 1181 744 1233 pessimis,
758 1180 857 1218 nihil
875 1180 950 1217 fuit
969 1179 1139 1219 discidio.
1169 1181 1262 1219 Ali-

130 1234 227 1286 quid
244 1234 480 1282 fecissemus,
504 1243 549 1273 ut
571 1234 708 1287 [vini,]
734 1235 796 1273 vel
825 1234 1048 1272 tabularum
1072 1247 1264 1273 novarum

129 1287 301 1336 nomine,
321 1290 384 1328 vel
402 1296 677 1328 nocturnarum
709 1289 1058 1340 expugnationum,
1079 1289 1142 1326 vel
1172 1288 1264 1328 Me-

130 1342 246 1390 teUae,
273 1343 335 1382 vel
359 1343 536 1381 omnium
566 1343 788 1381 malorum:
819 1355 889 1381 nec
921 1355 979 1380 res
1008 1343 1194 1394 perisset:
1225 1350 1264 1382 et

132 1396 350 1437 videremur
367 1397 517 1449 aliquid
534 1397 675 1436 doloris
695 1396 814 1434 virilis
832 1396 1025 1435 habuisse.

185 1451 357 1490 Memini
374 1452 532 1490 omnino
550 1459 638 1490 tuas
654 1451 798 1499 literas,
819 1451 886 1489 sed
904 1458 941 1489 et
960 1458 1113 1502 tempus
1131 1451 1232 1490 illud
1248 1465 1260 1490 ε

131 1505 201 1544 etsi
219 1505 371 1558 quidvis
389 1506 576 1557 praestitit.
607 1507 727 1545 Nunc
747 1504 905 1557 quidem
923 1505 1005 1556 ipse
1024 1505 1176 1543 videtur
1195 1506 1262 1545 de-

129 1560 320 1599 nuntiare.
349 1560 549 1599 Audimus
564 1560 669 1599 enim
677 1559 724 1598 de
735 1567 838 1598 statu
852 1559 1085 1611 reipublicae.
1107 1559 1147 1599 O
1161 1560 1231 1598 Dii
1247 1561 1258 1599 2

128 1627 366 1665 generumne
383 1622 559 1654 nostrum
577 1615 837 1667 potissimum,
858 1622 903 1652 ut
920 1614 1007 1661 hoc,
1027 1615 1090 1652 vel
1108 1615 1261 1654 tabulae

130 1679 249 1708 novas
267 1671 285 1708 Ρ
314 1669 448 1708 Placet
466 1669 566 1708 mihi
584 1669 716 1721 igitur,
738 1667 825 1721 [ut]
845 1668 950 1709 idem
969 1668 1055 1716 tibi,
1076 1669 1258 1713 nuntium

120 1723 286 1762 ‘remitti
316 1723 429 1762 Petet
442 1724 600 1763 fortasse
619 1724 770 1762 tertiam
782 1723 1018 1775 pensionem.
1051 1721 1262 1762 Considera

121 1777 265 1829 igitur,
286 1785 437 1828 tumne,
458 1791 548 1817 cum
567 1780 620 1817 ab
646 1778 730 1830 ipso
751 1785 940 1825 nascetur,
968 1790 1018 1815 an
1041 1778 1149 1829 prius
1176 1791 1261 1829 ego.

128 1831 176 1870 Si
193 1832 274 1870 ullo
292 1832 408 1871 modo
432 1841 607 1885 potuero,
626 1833 689 1871 vel
707 1832 904 1871 nocturnis
922 1831 1124 1871 itineribus
1142 1845 1260 1884 expe-

126 1885 220 1933 riar,
240 1893 285 1924 ut
303 1894 340 1925 te
358 1886 522 1926 videam.
550 1887 618 1925 Tu
645 1894 684 1925 et
702 1887 799 1935 haec,
820 1894 857 1925 et
883 1887 917 1924 si
946 1886 1042 1938 quid
1062 1887 1134 1926 erit
1152 1886 1260 1939 quod

129 1939 277 1979 intersit
294 1939 382 1980 mea
400 1941 506 1991 scire,
527 1942 681 1990 scribas,
701 1941 831 1980 velim.
861 1941 975 1980 Vale.

346 2050 465 2102 (24.)
496 2049 712 2091 CICERO
742 2049 965 2089 ATTICO
995 2051 1036 2090 S.

182 2158 286 2207 Quae
317 2159 468 2198 dudum
497 2159 547 2198 ad
572 2172 649 2205 me,
676 2167 729 2208 et,
755 2173 844 2212 quae
868 2159 984 2198 etiam
1007 2166 1096 2197 ante
1118 2158 1177 2197 bis
1206 2158 1258 2196 ad

120 2212 319 2277 .Tuui³m’
351 2214 398 2253 de
422 2227 486 2255 me
515 2214 710 2266 scripsisti,
737 2228 782 2255 ea
808 2213 930 2254 sentio
957 2227 1038 2254 esse
1063 2226 1164 2253 vera.
1193 2212 1258 2252 Eo
