1477 2365
189 107 237 145 14
388 106 471 144 ΑΙ)
498 102 1093 145 ATTICUM.L113.IX.'7.

189 227 266 266 que
285 213 400 252 fidem
418 214 597 252 omnibus
625 212 831 275 cognitam,
852 218 895 250 ut
913 218 1044 250 contra
1061 211 1302 258 alterutrum,

190 281 282 307 cum
300 269 452 320 utrique
471 269 521 306 sis
540 268 710 306 maxime
716 265 973 328 ‘necessarium
993 278 1100 303 arma
1115 265 1236 303 feras.
1266 272 1304 303 et

190 322 276 370 hoc,
297 334 374 360 non
401 322 637 366 dubitamus,
659 320 755 372 quin
778 320 920 365 Caesar,
941 332 1010 370 pro
1037 319 1108 357 sua
1124 319 1306 357 humani-

191 382 282 421 tate,
305 376 476 414 maxime
505 376 553 414 sit
571 377 812 435 probaturus.
844 374 928 411 Nos
947 381 1082 411 tamen
1095 373 1143 416 (si
1161 372 1232 410 tibi
1248 372 1306 410 vi-

191 428 360 476 debitur)
391 427 440 467 ad
470 429 659 467 Caesarem
703 427 925 488 scribemus,
957 433 1001 465 ut
1031 439 1101 464 nos
1132 425 1306 464 certiores

191 482 319 530 faciat,
345 483 439 534 quid
463 483 534 521 hac
559 496 599 521 re
621 489 774 520 acturus
793 481 864 519 sit.
895 494 919 518 a
945 493 1022 532 quo
1051 480 1084 518 si
1110 480 1180 518 erit
1197 479 1307 518 nobis

193 537 432 587 rescriptum,
454 537 596 583 statim,
617 549 704 587 quae
723 535 943 582 sentiemus,
960 534 1058 572 adte
1072 534 1304 572 scribemus.

192 597 231 628 et
262 590 333 628 tibi
362 591 478 629 fidem
500 590 696 637 faciemus,
723 601 791 627 nos
817 602 861 627 ea
891 589 1061 635 suadere,
1088 601 1179 649 quae
1196 586 1307 625 nobis

194 643 372 682 videntur
404 652 481 682 tuae
514 644 705 694 dignitati,
738 655 816 681 non
850 642 1008 681 Caesaris
1045 641 1196 688 rationi,
1227 653 1308 679 esse

192 697 417 736 utilissima.
449 705 487 736 et
511 698 583 736 hoc
603 697 807 743 Caesarem,
835 709 905 748 pro
924 709 994 734 sua
1011 693 1278 747 indulgentia
1267 706 1310 732 m

191 763 274 800 nos,
294 753 545 803 probaturum
564 751 787 803 putamus.'’

439 862 468 882 ‘⁴
490 861 637 897 Balbus
668 860 861 907 Ciceroni,
891 860 997 908 Imp.
1024 859 1066 896 S.

256 969 284 990 “
302 967 342 1005 S.
366 966 418 1005 V.
439 966 488 1004 B.
510 966 560 1005 Ε.
579 967 837 1017 Posteaquam
848 964 976 1003 literas
990 975 1211 1003 communes
1225 977 1315 1003 cum

199 1021 330 1072 Oppio
350 1020 398 1058 ad
417 1028 453 1058 te
473 1020 573 1068 dedi,
595 1022 643 1058 ab
663 1020 812 1058 Caesare
830 1019 1027 1070 epistolam
1046 1018 1185 1070 accepi,
1206 1019 1317 1067 cujus

199 1074 423 1135 exemplum
442 1074 512 1111 tibi
541 1073 653 1117 misi·
686 1086 734 1111 ex
764 1073 904 1124 quibus
928 1072 1137 1123 perspicere
1159 1071 1313 1123 poteris,

199 1140 318 1179 quam
338 1128 467 1179 cupiat
489 1127 743 1175 concordiam,
760 1134 797 1165 et
803 1126 1042 1188 ‘Pompeium
1059 1126 1314 1174 reconciliare,

200 1189 237 1220 et
256 1194 375 1242 quam
393 1190 561 1220 remotus
575 1181 622 1219 sit
641 1183 688 1219 ab
707 1181 814 1219 omni
833 1179 1078 1226 crudelitate3
1108 1179 1212 1231 quod
1225 1188 1317 1218 eum

200 1235 352 1282 sentire,
373 1243 416 1273 ut
435 1235 567 1279 debeo,
587 1235 698 1273 valde
716 1234 876 1285 gaudeo.

257 1291 286 1311 ‘⁶
300 1289 363 1327 De
375 1296 412 1327 te
425 1297 462 1327 et
473 1289 541 1327 tua
555 1288 629 1327 fide
641 1296 677 1327 et
691 1289 844 1340 pietate,
860 1288 962 1326 idem
978 1285 1244 1337 (mehercule),
1259 1287 1317 1326 mi

202 1343 349 1390 Cicero,
376 1343 510 1390 sentio,
538 1343 642 1394 quod
661 1351 732 1387 tu3
762 1354 839 1380 non
866 1355 975 1394 posse
991 1349 1099 1380 tuam
1117 1341 1262 1379 famam
1280 1348 1320 1380 et

202 1397 373 1435 officium
392 1397 590 1444 sustinere,
617 1407 661 1434 ut
680 1403 811 1435 contra
828 1409 916 1434 eum
943 1408 1050 1434 arma
1067 1395 1179 1443 feras,
1199 1408 1222 1434 a
1239 1407 1318 1447 quo
1374 1429 1382 1434 ,

204 1458 358 1489 tantum
386 1450 615 1489 beneficium
637 1458 675 1488 te
702 1450 886 1502 accepisse
908 1449 1100 1501 praedices.
1130 1448 1319 1487 Caesarem

204 1505 277 1544 hoc
312 1504 415 1543 idem
447 1506 712 1555 probaturum,
751 1504 1006 1555 exploratum,
1035 1515 1106 1554 pro
1135 1502 1317 1564 singulari

204 1560 288 1607 ejus
306 1558 562 1606 humanitate,
581 1558 731 1604 habeo3
761 1558 871 1609 eique
893 1555 1192 1596 cumulatissime
1210 1556 1318 1595 satis-

205 1612 399 1650 facturum
432 1619 470 1650 te
499 1619 599 1650 certo
630 1612 720 1659 scio,
751 1624 841 1650 cum
870 1612 1020 1650 nullam
1047 1616 1197 1662 partem
1224 1610 1317 1649 belli

207 1672 338 1704 contra
366 1678 454 1704 eum
484 1665 679 1717 suscipias,
706 1678 830 1717 neque
848 1665 970 1704 socius
989 1665 1072 1714 ejus
1096 1663 1317 1702 adversariis

206 1719 336 1758 fueris.
364 1720 499 1771 Atque
517 1720 589 1758 hoc
608 1732 685 1758 non
704 1720 851 1758 solum
840 1732 881 1758 m
899 1726 951 1767 te,
967 1718 1035 1756 tali
1046 1725 1084 1756 et
1100 1723 1207 1756 tanto
1220 1717 1316 1766 viro,

207 1773 299 1811 satis
335 1774 503 1821 habebit,
539 1773 604 1812 sed
633 1773 749 1812 etiam
786 1773 884 1811 mihi
914 1773 996 1824 ipse
1032 1770 1104 1809 sua
1138 1771 1318 1810 00th

207 1827 417 1873 voluntate,
437 1839 486 1865 ne
503 1827 544 1864 in
561 1827 607 1865 iis
621 1827 750 1866 castris
770 1839 903 1875 essem,
924 1839 1011 1878 quae
1022 1832 1151 1864 contra
1170 1824 1319 1863 Lentu-

207 1881 294 1919 lum
312 1889 379 1919 aut
399 1881 629 1932 Pompeium
642 1881 773 1918 futura
787 1887 934 1926 essent,
963 1891 1129 1931 quorum
1139 1877 1321 1917 beneficia

209 1934 383 1973 maxima
404 1934 611 1979 haberem3
641 1934 789 1986 sibique
811 1934 901 1973 satis
928 1946 1006 1973 &sse
1026 1932 1139 1980 dixit,
1159 1931 1191 1971 si
1209 1944 1319 1983 roga-

209 1995 273 2026 tus
291 1989 438 2026 urbana
456 1987 579 2026 officia
593 1988 664 2026 sibi
682 1988 963 2039 praestitissem;
992 2000 1080 2039 quae
1092 1985 1209 2025 etiam
1225 1985 1318 2050 iuis,

209 2041 241 2080 si
259 2042 412 2090 vellem,
430 2049 608 2093 praestare
630 2054 792 2093 possem.

265 2097 295 2118 ‘⁶
308 2095 447 2147 ltaque
466 2108 568 2134 nunc
585 2095 723 2133 Romae
736 2095 866 2134 omnia
889 2095 1040 2147 negotia
1054 2093 1213 2132 Lentuli
1233 2106 1322 2146 pro-

211 2161 319 2198 curo,
348 2149 540 2195 sustine03
568 2161 777 2201 meumque
813 2149 996 2196 officium,
1033 2148 1165 2197 fidem,
1201 2148 1322 2200 pieta-

216 2209 308 2251 tem,
321 2202 382 2240 hin
399 2210 549 2254 praeto.
578 2203 652 2242 Sed
680 2203 931 2255 (mehercule)
948 2215 1080 2241 rursus
1098 2202 1181 2253 jam
1199 2202 1324 2252 abjec-
