1498 2401
252 96 334 136 AD
363 97 416 145 Q.
446 94 752 136 FRATREM.
784 97 888 135 111ss.
907 96 967 135 11.
991 96 1055 135 15.
1141 98 1220 143 317

99 218 263 258 semper,
283 213 341 254 ut,
362 205 600 258 quicumque
625 205 796 244 calamus
813 205 853 243 in
873 217 1013 245 manus
1037 216 1142 245 meas
1162 219 1227 246 ve-

98 260 210 308 nerit,
230 271 275 298 eo
289 259 342 298 sic
359 267 461 308 utar,
481 266 683 311 tamquam
701 261 816 298 bono.

153 314 305 354 Verum
318 313 473 352 attende
487 325 606 361 nunc,
619 313 678 351 mi
695 314 840 365 optime
854 321 892 352 et
910 314 1134 354 suavissime
1150 315 1228 354 fra-

102 376 175 416 ter,
195 367 245 406 ad
262 379 309 407 ea
326 367 422 407 dum
441 367 619 414 rescribe,
640 381 728 418 quae
747 376 790 406 tu
817 369 861 406 in
879 368 953 407 hac
972 366 1104 408 eadem
1122 369 1230 409 brevi

101 422 270 475 epistola
280 437 531 473 πραγματικω
535 438 550 464 ς
572 422 683 460 valde
711 422 906 473 scripsisti.
935 423 1000 462 De
1018 437 1097 475 quo
1115 425 1228 476 petis,

102 485 147 515 ut
165 476 215 515 ad
233 484 285 524 te,
306 475 404 514 nihil
422 476 632 524 occultans,
649 476 747 514 nihil
762 476 1022 525 dissimulans,
1043 478 1142 516 1111111
1160 478 1231 517 tibi

101 530 322 582 indulgens,
356 530 523 582 genuine
555 530 798 582 fraterneque
829 531 1034 569 rescribam
1075 532 1133 584 (id
1161 540 1232 594 est,

103 592 237 623 utrum
252 584 370 633 voles,
389 591 435 623 ut
448 583 675 632 dixerimus,
689 597 753 632 an,
770 584 819 622 ad
834 584 1117 636 expediendum
1130 593 1235 634 te,s¹

105 652 219 679 causa
237 638 299 687 sit,
321 645 600 686 commorere),
632 639 677 688 si,
698 639 755 677 mi
774 638 936 687 Quinte,
966 652 1085 690 parva
1103 640 1235 692 aliqua

104 707 164 733 res
183 704 292 742 esset,
322 693 364 731 in
393 693 474 745 qua
499 694 740 743 sciscitarere,
768 693 864 745 quid
890 693 1056 739 vellem3
1087 702 1233 741 tamen,

105 761 196 788 cum
221 747 294 786 tibi
315 747 570 800 permissurus
593 760 729 797 essem,
749 756 795 786 ut
819 747 961 786 faceres
979 748 1084 800 quod
1102 749 1234 797 velles,

106 815 178 855 ego
204 804 302 855 ipse,
322 802 418 854 quid
436 802 590 851 vellem,
610 802 862 842 ostenderem.
906 802 957 840 In
975 801 1049 841 hac
1076 816 1165 842 vero
1179 817 1235 852 re,

106 856 180 896 hoc
211 857 380 909 profecto
406 856 560 909 quaeris,
592 857 809 907 cujusmodi
828 857 942 895 illum
975 869 1137 905 annum,
1168 858 1238 910 qui

108 911 295 964 sequitur,
317 918 559 963 exspectem:
587 911 704 963 plane
729 918 797 950 aut
826 911 1082 963 tranquillum
1110 912 1236 961 nobis,

107 973 176 1004 aut
194 973 294 1004 certe
311 965 640 1004 munitissimum:
663 965 768 1017 quod
779 965 950 1018 quotidie
962 965 1114 1015 domus,
1132 967 1238 1018 quod

107 1019 252 1068 forum,
268 1019 374 1071 quod
384 1019 523 1059 theatri
541 1019 834 1071 significationes
846 1019 1064 1058 declarant:
1093 1033 1164 1060 nec
1181 1022 1239 1060 la-

107 1075 260 1123 borant,
278 1072 402 1126 [quod
420 1087 508 1113 mea
526 1074 755 1113 conscientia
768 1074 965 1127 copiarum
981 1077 1236 1128 nostrarum,]

109 1128 215 1181 quod
230 1128 405 1177 Caesaris,
419 1129 524 1181 quod
537 1129 729 1181 Pompeii,
742 1130 906 1181 gratiam
921 1136 1108 1168 tenemus.
1139 1129 1239 1168 Haec

108 1196 186 1231 me,
207 1190 252 1221 ut
271 1183 477 1232 confidam,
490 1183 649 1222 faciunt.
679 1183 749 1223 Sin
763 1183 902 1236 aliquis
915 1192 1091 1236 erumpet
1105 1197 1240 1222 amen-

109 1238 158 1277 tis
183 1237 352 1276 hominis
369 1237 490 1286 furor,
512 1237 643 1277 omnia
662 1246 753 1277 sunt
777 1238 828 1276 ad
861 1250 952 1276 eum
980 1237 1239 1289 frangendum

111 1291 300 1344 expedita„
343 1291 442 1331 Haec
474 1292 529 1331 ita
558 1292 693 1340 sentio,
721 1292 867 1342 judico,
897 1292 948 1330 ad
977 1299 1015 1330 te
1043 1293 1239 1344 explorate

111 1347 246 1386 scribo.
290 1346 484 1385 Dubitare
512 1353 565 1396 te,
586 1359 664 1386 non
683 1347 941 1395 assentatorie,
962 1346 1030 1385 sed
1058 1347 1238 1398 fraterne,

111 1407 210 1440 veto.

165 1456 313 1504 Quare,
333 1456 532 1495 suavitatis
551 1456 731 1509 equidem
751 1463 890 1495 nostrae
914 1454 1088 1494 fruendae
1111 1456 1240 1505 causa,

112 1523 292 1563 cuperem
310 1518 348 1549 te
366 1511 415 1549 ad
439 1511 482 1549 id
500 1518 653 1563 tempus
671 1510 810 1555 venire,
843 1509 948 1563 quod
969 1510 1144 1549 dixeras:
1176 1512 1242 1550 sed

109 1565 209 1604 illud
234 1565 339 1604 malo
364 1572 516 1627 tamen,
538 1565 645 1618 quod
676 1573 818 1617 putas;
849 1565 975 1616 magis
1007 1565 1124 1603 etiam
1152 1565 1237 1613 ina,

114 1619 278 1673 (etenim
294 1620 419 1681 magis
438 1620 585 1658 aestimo
606 1618 688 1670 me)
721 1626 956 1671 αμφιλαφιαν
985 1619 1094 1658 illam
1113 1627 1240 1668 tuam,

114 1681 153 1713 et
171 1674 495 1726 exspectationem
513 1675 731 1713 debitorum
750 1681 919 1713 tuorum.
954 1672 1064 1712 Illud
1082 1674 1241 1726 quidem

113 1729 166 1767 sic
184 1729 337 1778 habeto,
357 1729 456 1767 nihil
483 1729 593 1768 nobis
623 1728 825 1780 expeditis,
853 1728 884 1767 si
913 1728 1140 1776 valebimus,
1161 1729 1244 1768 fore

113 1783 357 1822 fortunatius.
388 1784 514 1822 Parva
532 1791 635 1832 sunt,
652 1797 739 1835 quae
757 1783 911 1832 desunt,
927 1783 1065 1822 nostris
1083 1783 1243 1835 quidem

112 1839 313 1883 moribusg
342 1845 379 1876 et
396 1850 441 1877 ea
459 1845 550 1877 sunt
568 1837 618 1877 ad
637 1837 911 1890 explicandum
939 1837 1239 1890 expeditissima,

114 1892 230 1932 modo
247 1868 456 1931 valeamus,

169 1947 359 1986 Ambitus
377 1947 499 1986 redit
488 1947 688 1986 immanis:
709 1959 914 2008 nunquam
932 1945 1007 1985 fuit
1025 1960 1107 1998 par.
1138 1946 1240 1985 Idib.

116 2002 257 2064 Quint.
275 2001 400 2040 foenus
413 2002 489 2042 fuit
506 2002 678 2041 bessibus
697 2015 745 2041 ex
763 2002 914 2049 triente,
931 2000 1092 2040 coitione
1111 2001 1244 2040 Mem-

116 2057 201 2105 mii,
234 2069 355 2108 quam
385 2069 475 2095 cum
502 2056 677 2095 Domitio
709 2056 858 2095 habuit.
899 2057 1081 2104 Scaurus,
1115 2068 1243 2095 unum

115 2111 291 2150 vincere·
334 2111 505 2150 Messala
535 2111 678 2150 flaccet.
719 2111 815 2150 Non
845 2110 930 2149 dieo
952 2111 1239 2175 ’ὑπερβολικωςε

115 2166 175 2204 vel
195 2166 267 2205 HS
282 2166 422 2204 centies
448 2166 684 2205 constituunt
702 2165 742 2204 in
761 2164 1013 2218 praerogativa
1041 2163 1246 2216 pronunti-

114 2233 189 2260 are.
219 2221 299 2261 Res
317 2221 424 2261 ardet
435 2219 590 2261 invidia.
621 2220 839 2261 Tribunicii
854 2218 1047 2259 candidati
1064 2232 1241 2272 compro-

844 2275 871 2313 2
891 2284 918 2313 r:
938 2275 963 2312 3
