1498 2401
346 110 430 149 AD
458 108 748 149 ATTICUM.
778 109 878 148 Lm.
900 109 1021 149 XIV.
1054 111 1116 149 12.
1223 111 1299 156 187

166 219 284 268 civi‚''
314 219 414 259 ferre
435 230 514 257 non
537 230 660 270 queo:
691 218 762 256 etsi
779 218 852 257 ista
866 219 950 269 jam
975 219 1025 258 ad
1050 219 1186 259 risum.
1217 215 1296 261 Sed

167 281 387 313 memento:
418 273 472 312 sic
494 272 611 311 alitur
636 272 872 311 consuetudo
889 273 1127 325 perditarum
1147 275 1297 314 concio-

167 340 291 374 num;
322 336 367 367 ut
385 327 505 367 nostri
518 326 590 374 illi,
617 339 694 364 non
713 327 861 377 heroes,
882 327 948 366 sed
971 328 1051 376 Dii,
1071 328 1195 367 futuri
1209 329 1297 381 qui-

166 382 256 421 dem
277 383 318 422 in
343 383 466 434 gloria
486 381 717 432 sempiterna
737 381 826 429 sint,
848 382 914 421 sed
932 394 1010 420 non
1036 383 1118 422 sine
1134 383 1296 432 invidia,

164 449 214 475 ne
232 438 315 477 sine
333 437 503 490 periculo
523 435 693 488 quidem.
731 436 881 474 Verum
899 437 975 475 illis
994 450 1136 489 magna
1165 451 1298 477 conso-

164 491 271 539 latio,
297 491 525 532 conscientia
553 490 718 528 maximi
745 498 782 529 et
814 491 1012 529 clarissimi
1035 491 1150 530 facti:
1184 492 1296 531 nobis

165 549 286 598 quae?
315 547 398 600 qui,
422 545 622 585 interfecto
653 558 756 597 rege,
787 545 899 583 liberi
929 558 1007 584 non
1038 559 1186 585 sumus.
1220 547 1297 586 Sed

164 600 248 639 haec
265 601 422 641 fortuna
440 600 590 648 viderit,
612 600 797 651 quoniam
815 600 912 638 ratio
930 613 1007 639 non
1024 602 1225 651 gubernat.

221 656 285 695 De
302 655 486 697 Cicerone
505 668 594 708 quae
613 654 758 701 scribis,
777 654 952 705 jucunda
969 654 1068 693 mihi
1082 664 1201 694 sunt.
1233 669 1298 694 ve-

164 710 250 758 lim,
275 712 352 750 sint
375 723 569 764 prospera.
613 708 734 756 Quod
761 722 850 748 vero
881 722 983 748 curae
1009 709 1080 748 tibi
1109 717 1179 758 est,
1200 718 1244 748 ut
1263 711 1298 749 ei

164 766 432 818 suppeditetur
456 765 507 804 ad
536 776 652 802 usum
684 771 722 802 et
749 763 898 803 cultum
918 764 1081 816 copiose
1108 778 1177 817 per
1199 764 1299 803 mihi

163 829 320 872 gratum
333 829 416 867 est;
445 820 564 872 idque
582 826 627 857 ut
641 816 770 866 facias,
792 826 830 857 te
849 819 965 857 etiam
984 832 1051 870 ro«
1039 832 1089 858 o.

219 875 283 914 De
312 850 542 923 Butlirotii5‚
568 880 606 912 et
624 880 667 911 tu
687 881 786 912 recte
806 873 962 925 cogitas,
990 851 1051 912 eto
1047 887 1118 925 ego
1139 886 1217 912 non
1238 873 1298 912 di-

162 929 289 968 mitto
294 931 410 969 istam
429 941 576 968 curam.
618 927 834 980 Suscipiam
854 940 1010 966 omnem
1044 928 1161 967 etiam
1181 929 1299 968 actio-

163 996 281 1030 nem;
302 999 422 1038 quam
437 983 548 1022 video
568 981 739 1034 quotidie
751 982 974 1021 faciliorem.
1008 983 1071 1021 De
1085 982 1296 1031 Cluviam,

162 1039 348 1090 quoniam
360 1040 400 1078 in
413 1053 453 1078 re
473 1051 559 1076 mea
577 1036 783 1088 meipsum
802 1036 1002 1088 diligentia
1017 1038 1151 1085 vincis,
1168 1051 1227 1076 res
1247 1013 1298 1076 ad

160 1102 321 1133 centena
333 1093 568 1146 perducitur.
598 1091 732 1130 Ruina
751 1104 833 1130 rem
847 1103 925 1129 non
944 1091 1034 1131 fecit
1052 1092 1295 1142 deteriorem,

160 1148 267 1187 haud
283 1150 359 1188 scio
379 1161 428 1187 an
444 1150 528 1199 jam
547 1146 855 1185 fructuosiorem.

218 1203 298 1242 Hic
313 1216 468 1242 mecum
487 1202 654 1247 Balbus,
679 1199 847 1249 Hirtius,
870 1201 1009 1240 Pansa.
1041 1200 1164 1240 Modo
1190 1201 1296 1241 venit

158 1257 362 1303 Octavius,
385 1266 421 1297 et
440 1256 600 1310 quidem
627 1254 670 1293 in
698 1255 920 1306 proximam
940 1255 1074 1294 villam
1103 1255 1294 1308 Philippi,

159 1312 259 1350 mihi
289 1320 392 1351 totus
423 1312 588 1351 deditus.
616 1309 809 1348 Lentulus
829 1310 1014 1362 Spinther
1045 1310 1160 1350 hodie
1189 1310 1295 1364 apud

161 1380 249 1407 me:
279 1380 362 1407 cras
380 1380 495 1406 mane
515 1363 633 1404 vadit.

390 1525 500 1576 (ιι.)
529 1521 744 1563 CICERO
774 1520 987 1561 Arrlco
1018 1521 1058 1560 s.

214 1634 323 1675 Omi
348 1632 502 1672 Attice!
533 1646 678 1682 vereor,
699 1643 749 1671 ne
774 1631 885 1671 nobis
905 1630 1002 1670 Idus
1014 1628 1173 1669 Martiae
1192 1629 1291 1668 nihil

158 1690 333 1729 dederint
352 1695 491 1741 praeter
508 1688 698 1736 laetin‘am,
722 1696 760 1726 et
789 1686 867 1726 odii
895 1698 1049 1738 poenam
1069 1698 1113 1724 ac
1137 1685 1292 1724 doloris.

157 1745 261 1795 Quae
279 1743 378 1782 mihi
395 1743 506 1783 istinc
523 1742 762 1783 afferuntur!
795 1754 883 1794 quae
901 1741 967 1779 hic
982 1739 1120 1779 video!
1152 1745 1182 1777 Ω
1198 1755 1293 1790 πρα-

161 1801 254 1849 ξεως
270 1806 365 1836 καλν
347 1814 390 1842 ης
403 1813 484 1846 μεν,
505 1806 657 1841 ατελους
672 1798 720 1835 ὃε.
750 1797 847 1846 Scis,
864 1808 984 1848 quam
1003 1794 1165 1847 diligam
1180 1793 1291 1833 51011-

158 1853 230 1902 los,
260 1860 298 1892 et
326 1864 448 1905 quam
482 1852 593 1892 illam
624 1852 843 1892 clientelam
872 1850 1075 1889 honaetam
1104 1848 1289 1899 judicem.

158 1907 295 1947 Multa
319 1907 396 1946 illis
417 1905 562 1957 Caesar,
591 1920 718 1959 neque
736 1919 800 1945 me
823 1905 972 1944 invito:
1003 1903 1074 1943 etsi
1098 1903 1293 1942 Latinitas

158 1970 240 2001 erat
258 1974 337 2001 non
351 1961 530 2001 ferenda.
564 1968 846 2002 verumtamen.
874 1959 977 1998 Ecce
996 1966 1142 2006 autem,
1162 1960 1294 1996 Anto-

156 2030 342 2111 'fflififf
343 2016 588 2123 5233?ssss
605 2014 876 2112 ¹5:³33?
867 2015 1060 2107 1233&
1072 2012 1294 2127 ῖῖἒῗηῗῗὲῗ

159 2126 247 2166 vivo
265 2126 348 2175 illo,
367 2125 514 2164 mentio
526 2126 649 2165 nulla.
678 2124 818 2174 Quid?
846 2122 1022 2162 Deiotari
1040 2120 1160 2161 nostri
1179 2133 1294 2162 causa

156 2193 234 2220 non
250 2181 418 2220 similis?
447 2180 590 2232 dignus
605 2181 673 2219 ille
686 2179 845 2232 quidem
859 2177 968 2218 omni
982 2189 1115 2228 regno,
1131 2175 1198 2214 sed
1215 2186 1293 2213 non

156 2248 225 2288 per
242 2235 436 2276 Fulviam.
468 2236 688 2276 ΞεΧεειιω
672 2234 823 2275 similia.
855 2233 1007 2274 Verum
1020 2231 1114 2272 illuc
1129 2228 1289 2270 referor·
