1467 2401
347 62 430 104 AD
460 62 752 105 ATTICUM.
781 65 882 105 LIB.
902 66 957 105 X.
987 69 1026 107 9.
1206 72 1259 108 55

365 168 457 222 (9.)
485 169 700 210 CICERO
728 169 938 210 ATI'ICO
966 170 1007 210 S.

182 277 389 318 Adventus
408 278 611 317 Philotimi
630 281 687 323 (at
701 281 811 330 cujus
830 279 999 318 hominis
1015 279 1026 317 !
1057 292 1177 332 quam
1195 279 1255 319 in-

128 333 250 374 sulsi!
281 340 318 371 et
337 345 456 385 quam
481 346 580 385 saepe
604 347 675 385 pro
694 334 881 385 Pompeio
899 334 1118 373 mentientis
1134 334 1166 384 !)
1189 348 1256 373 ex-

126 387 314 427 animavit
331 399 464 427 omnes
488 388 556 440 qui
582 400 737 426 mecum
757 396 888 427 erant:
919 400 1011 426 nam
1030 388 1111 440 ipse
1131 389 1256 427 obdu-

125 442 200 482 rui.
226 441 444 481 Dubitabat
473 444 646 481 nostrum
670 454 799 489 nemo,
830 442 926 494 quin
960 442 1089 481 Caesar
1116 443 1253 481 itinera

123 495 384 548 repressisseu
414 497 542 535 volare
574 496 737 535 dicitur:
769 496 943 535 Petreius
975 510 1066 536 cum
1084 496 1252 535 Afranio

124 550 385 600 conjunxisset
403 563 469 597 se3
498 551 597 589 nihil
625 550 735 589 affert
765 550 968 600 ejusmodi.
1002 550 1112 599 Quid
1144 564 1252 603 quae-

123 604 206 643 ris?
233 603 368 643 Etiam
396 604 497 644 illud
529 612 609 643 erat
636 617 877 656 persuasum,
899 605 1133 657 Pompeium
1159 618 1253 644 cum

122 658 274 711 magnis
291 658 410 711 copiis
426 658 499 698 iter
512 659 553 698 in
573 659 825 698 Germaniam
838 672 907 711 per
923 658 1125 711 Illyricum
1139 659 1251 699 fecis-

123 726 188 752 se:
217 713 260 751 id
277 712 382 752 enim
396 713 611 757 αυθεντικως
628 713 891 752 nuntiabatur.

177 767 361 806 Melitam
378 767 511 819 igitur,
542 768 692 820 opinor,
720 781 977 820 capessamus,
1004 768 1114 817 dum,
1149 768 1246 821 quid

120 822 163 861 in
180 821 399 874 Hispania.
430 821 534 884 quod
559 822 717 874 quidem
742 823 1025 875 propemodum
1044 823 1175 862 videor
1200 837 1248 862 ex

121 876 283 916 Caesaris
300 876 450 915 literis
439 877 560 928 ipsius
578 877 775 916 voluntate
792 877 915 916 facere
933 890 1070 929 posse3
1101 878 1169 929 qui
1181 890 1250 916 ne-

120 938 188 982 gat
217 943 343 983 neque
371 930 570 970 honestius
602 943 728 983 neque
752 931 874 970 tutius
899 932 998 970 mihi
1031 932 1248 984 quidquam

122 998 215 1034 esse,
232 998 349 1037 quam
370 986 420 1024 ab
441 985 548 1023 omni
575 986 815 1025 contentione
840 987 982 1025 abesse.
1011 986 1142 1033 Dices,
1163 987 1244 1025 Ubi

120 1052 211 1090 ergo
224 1047 314 1080 tuus
333 1039 399 1081 ille
415 1040 584 1089 animus,
596 1053 715 1092 quem
726 1040 913 1092 proximis
923 1040 1074 1079 literis?
1103 1040 1244 1088 Adest,

119 1101 158 1132 et
174 1093 280 1133 idem
298 1101 366 1132 est.
406 1093 483 1133 Sed
507 1094 658 1132 utinam
677 1107 764 1133 meo
783 1095 909 1133 solum
928 1095 1050 1146 capite
1070 1095 1246 1133 decerne-

117 1148 226 1187 rem!
255 1148 436 1200 lacrymae
454 1161 629 1187 meorum
650 1162 715 1187 me
732 1149 928 1187 interdum
945 1149 1142 1199 molliunt,
1158 1162 1246 1202 pre-

116 1201 303 1250 cantium,
324 1209 370 1240 ut
386 1202 434 1241 de
453 1202 656 1255 Hispaniis
675 1210 952 1264 exspectemus.

170 1256 235 1295 Μ.
255 1256 366 1296 Coelii
391 1256 550 1308 quidem
579 1257 793 1309 epistolam,
814 1257 996 1309 scriptam
1014 1257 1245 1297 miserabili-

117 1317 189 1359 ter,
209 1313 318 1355 (cum
344 1310 418 1349 hoc
446 1311 549 1350 idem
571 1313 796 1360 obsecraret,
826 1318 872 1349 ut
897 1320 1170 1364 exspectarem,
1197 1325 1248 1350 ne

116 1365 290 1405 fortunas
304 1377 422 1414 meas,
437 1378 486 1404 ne
498 1365 653 1404 unicam
665 1366 801 1415 filiam,
817 1378 866 1404 ne
877 1379 982 1405 meos
997 1379 1142 1414 omnes,
1164 1374 1245 1404 tam

117 1427 260 1459 temere
294 1418 514 1482 proderem)
543 1433 622 1458 11011
655 1420 736 1459 sine
764 1433 908 1472 magno
937 1421 1030 1459 fletu
1066 1421 1246 1482 legerunt

116 1474 227 1527 pueri
244 1473 390 1513 nostri:
422 1475 492 1513 etsi
508 1487 618 1513 meus
637 1475 795 1527 quidem
814 1484 870 1514 est
888 1475 1035 1523 fortior,
1052 1488 1173 1528 eoque
1184 1475 1244 1527 ip-

117 1542 161 1568 so
183 1528 447 1568 vehementius
476 1537 716 1568 commovet:
749 1542 819 1569 nec
844 1529 1074 1582 quidquam,
1101 1530 1178 1569 nisi
1195 1529 1244 1568 de

116 1583 351 1635 dignatione,
388 1583 550 1622 laborat.
591 1584 775 1623 Melitam
799 1583 944 1635 igitur·
932 1613 945 1630 ,
981 1583 1132 1633 deinde,
1165 1597 1244 1636 quo

115 1637 319 1677 videbitur.
348 1637 415 1676 Tu
433 1644 563 1676 tamen
582 1638 699 1677 etiam
717 1650 821 1676 nunc
839 1638 937 1676 mihi
956 1638 1104 1690 aliquid
1113 1639 1243 1678 litera-

115 1705 220 1740 rum,
239 1699 278 1731 et
294 1692 465 1731 maxime
479 1692 512 1730 si
531 1693 626 1745 quid
644 1694 693 1731 ab
711 1692 892 1731 Afranio.

169 1747 272 1798 Ego,
292 1747 326 1785 si
343 1760 433 1786 cum
455 1747 630 1786 Antonio
656 1748 809 1786 locutus
840 1760 917 1795 ero,
938 1747 1102 1786 scribam
1121 1746 1171 1785 ad
1189 1754 1241 1795 te,

116 1801 210 1854 quid
223 1809 352 1840 actum
367 1801 427 1840 sit.
455 1801 537 1840 Ero
555 1809 700 1850 tamen,
720 1802 762 1840 in
781 1801 982 1850 credendo,
1006 1803 1069 1854 (ut
1087 1800 1240 1851 mones)

114 1863 249 1895 cautus
265 1870 276 1894 z
306 1868 400 1894 nam
434 1856 650 1895 occultandi
678 1856 775 1895 ratio
812 1869 902 1895 cum
938 1855 1116 1905 difficilis,
1155 1863 1241 1894 tum

114 1909 230 1950 etiam
247 1910 459 1962 periculosa
469 1917 536 1949 est.
566 1910 743 1950 Servium
756 1917 933 1962 exspecto
951 1911 1000 1948 ad
1020 1911 1156 1949 Nonas
1172 1924 1182 1947 ι
1204 1917 1242 1948 et

114 1963 233 2015 adigit
249 1964 304 2002 ita
315 1965 531 2014 Postumia,
552 1971 590 2003 et
608 1965 762 2004 Servius
780 1965 896 2003 filius.
926 1964 1169 2012 Quartanam
1184 1964 1241 2001 le-

113 2018 256 2057 viorem
274 2031 355 2058 esse
368 2019 529 2072 gaudeo.
559 2019 656 2059 Misi
668 2019 718 2060 ad
729 2027 766 2060 te
781 2019 893 2059 Coelii
906 2019 1022 2059 etiam
1040 2019 1240 2059 literarum

110 2073 345 2125 exemplum.
