1498 2401
312 95 397 137 AD
423 94 717 137 ATTICUM.
746 96 847 135 Lm.
868 96 964 136 XV.
994 98 1060 136 20.
1178 98 1257 136 229

128 218 195 245 rus
215 203 312 257 [es‚]
343 205 489 244 foedum
514 205 643 254 duces,
665 212 702 244 et
720 205 830 257 quasi
857 205 1127 244 denuntiatum
1146 205 1256 245 nobis

126 262 176 299 ab
202 259 386 299 Antonio.
426 260 494 298 Ex
518 260 590 299 hac
614 259 726 298 nassa
760 260 862 298 exire
888 260 1080 309 constitui,
1108 273 1185 298 non
1204 260 1255 299 ad

123 313 274 365 fugam,
295 313 361 352 sed
393 314 443 353 ad
474 326 585 366 spem
613 313 748 353 mortis
776 314 958 352 melioris.
998 314 1097 353 Haec
1126 315 1253 354 omnis

121 369 236 420 culpa
254 367 382 407 Bruti,

178 422 410 474 Pompeium
430 422 592 462 Carteiae
619 431 813 474 receptum
836 422 991 461 scribis:
1023 424 1106 472 jam
1131 423 1252 474 igitur

123 484 256 515 contra
283 477 389 515 hunc
423 478 647 516 exercitum.
695 478 796 516 Utra
827 490 916 527 ergo
947 478 1096 515 castra?
1124 478 1254 516 media

122 531 227 569 enim
246 531 347 570 tollit
360 531 566 569 Antonius.
597 531 674 569 Illa
684 531 852 577 infirma,
869 531 951 569 haec
969 531 1125 569 nefaria.
1157 532 1253 570 Pro-

121 597 300 636 petemus
319 585 460 636 igitur:
492 586 557 623 sed
580 586 675 635 juva
694 598 758 623 me
785 585 955 633 consilio,
976 585 1250 631 Brundisione,

123 651 174 676 an
198 639 382 678 Puteolis.
424 640 574 678 Brutus
600 639 759 691 quidem
788 639 930 687 subito,
955 639 1022 677 sed
1050 639 1253 691 sapienter.

121 698 271 743 Πασχω
291 709 327 731 τι
342 708 352 732 :
384 694 540 746 quando
559 694 663 733 enim
681 693 824 731 illum?
853 693 919 732 sed
937 693 1110 731 humana
1128 693 1253 732 feren-

120 746 183 785 da.
213 746 280 785 Tu
304 747 386 800 ipse
410 761 500 787 eum
520 748 647 787 videre
666 760 744 786 non
763 754 883 799 potes.
918 747 988 786 Dii
1005 748 1064 785 illi
1081 755 1250 796 mortuo,

123 801 193 853 qui
228 814 404 853 unquam
437 802 678 841 Buthrotum
695 803 704 841 Ξ
748 802 825 842 Sed
858 808 942 841 acta
971 802 1115 840 missa:
1147 802 1252 841 vide-

120 867 248 904 amus,
269 869 357 907 quae
375 856 523 908 agenda
537 856 626 895 sint.

178 910 364 949 Rationes
387 911 532 959 Erotis,
554 911 625 949 etsi
648 910 778 963 ipsum
798 910 974 949 nondum
988 910 1083 960 vidi,
1103 918 1251 958 tamen,

122 972 161 1003 et
179 977 227 1002 ex
241 964 360 1003 literis
373 966 470 1015 ejus,
491 972 529 1003 et
548 978 596 1004 ex
610 978 654 1004 eo
673 964 779 1016 quod
794 965 890 1003 Tiro
908 966 1099 1016 cognovit,
1115 979 1253 1018 prope-

120 1018 283 1057 modum
303 1019 474 1071 cognitas
492 1019 628 1058 habeo.
671 1019 886 1058 Versuram
913 1019 1043 1058 scribis
1063 1033 1142 1058 esse
1159 1020 1253 1059 faci-

120 1072 262 1111 endam
280 1073 474 1112 mensium
487 1073 673 1126 quinque,
689 1073 731 1111 id
746 1080 814 1122 est,
829 1073 878 1112 ad
891 1073 974 1112 Cal.
992 1074 1250 1123 Novembres,

120 1126 195 1165 HS
217 1126 284 1166 CC
300 1142 310 1166 ε
331 1127 372 1165 in
393 1141 479 1166 eam
497 1128 601 1166 diem
619 1128 753 1166 cadere
771 1140 966 1175 nummos,
984 1127 1053 1180 qui
1064 1141 1086 1166 a
1100 1128 1252 1176 Quinto

120 1180 320 1220 debentur.
364 1181 498 1221 Velim
526 1182 658 1234 igitur,
690 1182 876 1234 quoniam
905 1182 1001 1220 Tiro
1033 1190 1149 1234 negat
1180 1182 1252 1221 tibi

120 1235 284 1287 placere,
304 1248 368 1275 me
387 1237 470 1286 ejus
488 1236 542 1275 rei
571 1236 687 1275 causa
716 1237 888 1274 Romam
916 1236 1069 1282 venire3
1100 1237 1132 1275 si
1151 1244 1188 1275 te
1207 1250 1252 1275 ea

121 1302 181 1328 res
199 1289 298 1329 nihil
322 1290 504 1340 offendet,
536 1291 680 1336 videas,
700 1290 804 1328 unde
833 1290 987 1328 nummi
1018 1290 1122 1337 sint3
1152 1291 1252 1330 mihi

119 1343 219 1383 feras
240 1357 468 1396 expensum.
512 1344 600 1383 Hoc
619 1344 730 1383 video
754 1344 795 1381 in
822 1344 1024 1396 praesentia
1043 1358 1140 1397 opus
1160 1357 1252 1384 esse.

121 1397 293 1450 Reliqua
311 1399 533 1450 diligentius
560 1412 608 1437 ex
641 1398 714 1437 hoc
742 1399 825 1450 ipso
855 1399 1084 1451 exquiram3
1114 1399 1154 1436 in
1174 1399 1250 1448 his,

118 1451 168 1491 de
185 1453 425 1492 mercedibus
444 1452 633 1492 dotalium
652 1453 885 1505 praediorum
901 1468 911 1491 ε
937 1466 1024 1505 quae
1043 1453 1075 1492 si
1089 1452 1252 1492 fideliter

120 1506 297 1546 Ciceroni
313 1509 564 1556 curabuntur,
585 1520 826 1560 quamquam
846 1508 932 1546 volo
951 1507 1096 1554 laxius,
1118 1515 1250 1546 tamen

119 1560 155 1600 ei
171 1561 454 1615 propemodum
484 1562 582 1600 nihil
611 1562 742 1600 deerit.
782 1562 979 1613 Equidem
1010 1562 1120 1600 video
1150 1562 1250 1600 mihi

118 1628 274 1668 quoque
292 1629 388 1668 opus
407 1629 486 1655 esse
498 1617 705 1655 viaticum:
728 1616 794 1654 sed
808 1616 848 1654 id
868 1629 915 1654 ex
934 1616 1102 1668 praediis,
1122 1624 1166 1653 ut
1185 1629 1248 1655 ca-

118 1669 198 1719 det,
218 1670 272 1708 ita
289 1671 483 1710 solvetur.
474 1685 483 1694 ·
515 1671 613 1709 mihi
627 1677 758 1709 autem
777 1683 874 1722 opus
896 1678 953 1709 est
971 1671 1148 1709 universo
1161 1671 1249 1722 qui-

119 1723 221 1762 dem.
251 1724 339 1763 Etsi
366 1724 465 1763 mihi
482 1725 634 1764 videtur
662 1725 747 1786 iste,
780 1724 849 1776 qui
874 1727 1032 1763 umbras
1055 1724 1180 1773 timet,
1201 1725 1251 1763 ad

119 1778 263 1817 caedem
278 1786 473 1830 spectare3
493 1787 638 1827 tamen,
655 1779 729 1818 nisi
747 1779 939 1831 explicata
956 1779 1158 1827 solutione,
1172 1791 1251 1818 non

120 1845 208 1871 sum
233 1832 478 1872 discessurus.
518 1834 625 1874 Sitne
644 1841 775 1872 autem
806 1833 1004 1882 extricata,
1031 1845 1163 1882 necne,
1192 1842 1250 1871 te-

120 1899 212 1925 cum
230 1900 469 1939 cognoscam.
511 1888 610 1927 Haec
626 1888 761 1940 putavi
778 1900 866 1926 mea
883 1900 1003 1927 manu
1023 1887 1246 1926 scribenda·

117 1940 268 1994 ita-que
285 1941 369 1981 feci.
399 1941 463 1981 De
473 1942 610 1992 Fadio,
624 1950 670 1982 ut
683 1942 832 1982 scribis.
853 1942 990 1995 utique
1004 1942 1070 1982 alii
1088 1941 1249 1981 nemini.

118 1995 323 2037 Rescribas
340 1995 457 2036 velim
475 1997 600 2036 hodie.

176 2266 346 2316 (Epist.)
375 2275 481 2304 vol..
505 2276 576 2303 111.
1050 2275 1081 2300 x
