1513 2370
243 100 318 138 104
440 102 525 141 AD
552 103 839 143 ATTICUM.
868 102 970 141 Lm.
998 100 1102 141 XII.
1131 105 1172 142 6.

238 207 294 246 sic
324 222 557 263 acceperam,
589 218 635 250 ut
662 212 767 265 apud
794 213 966 251 Brutum
993 219 1050 251 est
1066 226 1078 250 x
1106 211 1212 250 hunc
1243 209 1360 263 igitur

239 262 369 302 locum
389 266 581 317 expedies.

291 316 380 368 Ego
397 319 486 357 misi
508 320 695 359 Tironem
722 319 939 359 Dolabellae
967 319 1149 358 obviam:
1178 319 1212 358 is
1230 317 1278 357 ad
1295 330 1362 357 me

239 368 376 410 Idibus
394 381 613 412 revertetur.
642 374 703 412 Te
717 376 942 426 exspectabo
961 373 1152 425 postridie.
1183 373 1246 412 De
1260 372 1363 410 Tul-

238 423 291 463 lia
308 426 397 464 me&
414 427 486 465 tibi
513 428 825 479 antiquissimum
847 441 925 466 esse
944 428 1054 466 video
1072 441 1082 464 ε
1112 427 1230 478 idque
1246 427 1301 464 ita
1318 433 1364 464 ut

237 479 301 526 sit,
322 487 358 517 te
379 481 620 520 vehementer
638 495 741 533 rogo.
771 483 878 532 Ergo
897 489 934 520 et
961 481 1002 519 in
1029 482 1178 532 integro
1203 480 1361 519 omnia:

236 533 290 571 sic
309 534 411 571 enim
431 535 573 574 scribis.
603 535 709 574 Mihi
723 536 792 574 etsi
814 535 997 574 Calendae
1011 535 1176 573 vitandae
1190 534 1362 583 fuerunt,

232 586 566 639 Nicasionumque
594 604 783 641 αρχετυπα
815 589 1013 640 fugienda,
1043 588 1364 639 conficiendaeque

233 641 376 679 tabulae
392 655 404 687 3
425 642 524 680 nihil
538 650 667 681 tamen
679 643 790 691 tanti,
803 650 848 680 ut
863 656 885 681 a
900 650 938 681 te
955 642 1236 690 abessem‚fuit.
1259 640 1364 680 Cum

234 694 375 732 Romae
395 708 529 743 essem,
551 704 589 735 et
608 705 644 735 te
669 699 752 747 jam
777 698 937 748 jamque
967 697 1139 735 visurum
1168 709 1232 734 me
1249 703 1366 747 puta-

234 760 345 794 rem;
377 749 547 800 quotidie
580 758 709 789 tamen
745 751 864 799 horae,
900 751 1041 801 quibus
1075 751 1358 802 exspectabam,

235 801 362 853 longae
390 803 627 842 videbantur.
658 805 738 844 Scis
762 817 826 842 me
851 804 1012 842 minime
1037 817 1116 842 esse
1142 803 1331 843 blandum
1348 817 1360 841 ε

238 854 369 907 itaque
386 857 516 896 minus
533 859 730 910 aliquanto
748 857 846 907 dico,
867 871 987 909 quam
1005 858 1136 896 sentio.

470 1019 560 1072 (6.)
587 1019 800 1059 CICERO
830 1018 1049 1059 ATTICO
1077 1020 1118 1060 S.

294 1124 358 1163 De
377 1126 511 1176 Caelio,
531 1128 631 1174 vide,
651 1141 795 1180 quaeso,
810 1141 859 1166 ne
877 1141 955 1179 qua
967 1127 1105 1165 lacuna
1123 1127 1172 1166 sit
1189 1128 1229 1166 in
1249 1141 1356 1167 auro»

239 1178 328 1230 Ego
351 1179 425 1219 ista
451 1194 529 1220 non
556 1182 672 1220 novi:
704 1183 770 1221 sed
794 1190 894 1221 certe
915 1182 956 1219 in
985 1181 1135 1232 collybo
1162 1190 1218 1220 est
1244 1182 1361 1220 detri-

237 1233 363 1272 menti
381 1236 481 1274 satis.
511 1236 604 1274 Huc
630 1249 769 1274 aurum
790 1237 822 1275 si
849 1236 1003 1274 accedit.
1085 1236 1160 1275 Sed
1180 1236 1274 1288 quid
1301 1236 1360 1275 lo-

240 1300 339 1338 quor
355 1290 373 1326 ?
401 1296 445 1327 tu
460 1289 616 1328 videbis.
647 1290 782 1328 Habes
797 1290 974 1341 Hegesiae
991 1301 1125 1340 genus,
1142 1290 1246 1341 quod
1259 1291 1362 1329 Var-

239 1353 283 1379 ro
301 1342 446 1381 laudat.
472 1344 598 1382 Venio
613 1344 662 1383 ad
676 1344 978 1396 Tyrannionem.
998 1343 1109 1381 Aj'n’
1125 1352 1168 1382 ω.
1186 1346 1204 1382 ?
1223 1357 1359 1383 verum

236 1394 310 1433 hoc
328 1396 403 1434 fuit
421 1398 502 1436 sine
519 1410 583 1436 me
599 1401 617 1437 ἓ
645 1399 704 1437 At
730 1411 799 1449 ego
818 1397 979 1449 quoties,
1009 1410 1098 1436 cum
1126 1411 1245 1437 essem
1264 1398 1361 1436 otio..

235 1462 314 1496 sus,
336 1450 416 1488 sine
434 1459 471 1489 te
489 1459 618 1490 tamen
632 1453 740 1490 nolui
760 1453 769 1490 !
801 1452 893 1499 Quo
910 1451 1026 1490 modo
1044 1452 1116 1490 hoc
1134 1465 1223 1503 ergo
1240 1452 1323 1491 lues
1339 1455 1359 1492 ἓ

234 1515 314 1541 uno
333 1504 487 1552 scilicet,
508 1506 541 1543 si
559 1506 656 1543 mihi
674 1507 819 1544 librum
837 1506 985 1544 miseris
1002 1520 1013 1544 ε
1043 1506 1148 1557 quod
1161 1514 1206 1544 ut
1223 1506 1354 1555 facias,

237 1556 354 1594 etiam
383 1567 498 1610 atque
526 1560 641 1598 etiam
668 1573 760 1611 rogo
779 1575 791 1598 :
821 1560 890 1598 etsi
913 1572 977 1598 me
1004 1572 1082 1598 non
1109 1560 1232 1610 magis
1261 1560 1359 1599 liber

236 1609 318 1661 ipse
336 1611 550 1662 delectabit,
569 1627 687 1666 quam
707 1622 775 1652 tua
792 1613 993 1652 admiratio
1011 1613 1220 1652 delectavit.
1248 1615 1358 1653 Amo

236 1665 341 1702 enim
372 1664 513 1714 [παντα
536 1668 728 1715 φιλῡὲημον
746 1669 780 1720 2]
811 1676 924 1719 teque
948 1667 1062 1706 istam
1091 1675 1171 1706 tam
1198 1676 1356 1708 tenuem

235 1719 388 1766 ἓεωριαν
408 1726 488 1757 tam
507 1721 617 1759 valde
636 1721 869 1759 admiratum
888 1734 966 1759 esse
986 1722 1154 1772 gaudeo.
1182 1721 1271 1760 Etsi
1289 1731 1357 1761 tua

233 1771 392 1822 quidem
410 1780 499 1811 sunt
526 1775 713 1823 ejusmodi
732 1774 888 1814 omnia:
918 1775 1012 1814 scire
1039 1775 1142 1813 enim
1161 1775 1245 1814 vis:
1275 1789 1356 1828 quo

232 1837 312 1862 uno
330 1826 482 1864 animus
503 1828 629 1865 alitur.
660 1829 749 1877 Sed,
781 1841 924 1880 quae50‚
954 1829 1049 1880 quid
1075 1843 1123 1868 ex
1146 1829 1219 1869 ista
1244 1828 1356 1869 acute

232 1886 272 1917 et
289 1880 396 1929 gravi
414 1880 575 1919 refertur
593 1881 642 1919 ad
661 1890 770 1923 τελος
788 1885 805 1921 Ρ

286 1934 363 1971 Sed
381 1934 496 1985 longa
519 1936 639 1973 oratio
658 1943 727 1983 est,
748 1945 784 1975 et
809 1943 853 1975 tu
869 1945 1075 1988 occupatus
1100 1937 1142 1975 in
1160 1950 1247 1977 meo
1266 1938 1355 1990 qui-

230 1986 320 2025 dem
339 1987 497 2026 fortasse
514 1989 644 2041 aliquo
671 1991 850 2041 negotio:
880 1998 931 2040 et,
961 2005 1031 2042 pro
1056 1992 1129 2030 isto
1157 2004 1241 2030 asso
1260 1994 1352 2041 sole,

225 2053 304 2091 quo
323 2047 365 2078 tu
385 2043 526 2080 abusus
545 2056 584 2081 es
602 2043 642 2081 in
662 2051 792 2082 nostro
810 2045 979 2096 pratulo,
1003 2059 1027 2083 a
1045 2053 1084 2084 te
1106 2046 1275 2084 nitidum
1295 2059 1357 2086 so-

220 2092 300 2132 lem
319 2102 558 2148 unctumque
576 2104 808 2149 repetemus.
839 2099 916 2138 Sed
935 2099 986 2138 ad
1002 2100 1130 2151 prima
1147 2100 1273 2139 redeo.

273 2148 455 2197 Librum,
475 2151 508 2189 si
535 2163 600 2189 me
619 2164 742 2200 amas,
760 2153 884 2192 mitte.
918 2154 1032 2192 Tuus
1050 2162 1107 2194 est
1135 2154 1241 2193 enim
1259 2167 1351 2206 pro-

217 2200 328 2251 fecto,
348 2203 530 2255 quoniam
549 2205 718 2258 quidem
738 2213 794 2246 est
812 2207 952 2248 missus
971 2207 1021 2247 ad
1040 2215 1091 2248 te.
1120 2210 1150 2233 ‘⁶
1166 2207 1346 2258 Chreme,
