1467 2401
192 121 248 166 78
405 116 488 157 AD
517 116 808 157 ATTICUM.
839 116 941 157 Lm.
962 118 1041 158 XI.
1071 115 1110 164 7.

196 227 268 267 das
296 240 469 280 operam,
500 234 548 266 ut
577 227 708 266 lenias.
753 227 838 267 Nec
866 234 997 267 tamen
1026 226 1126 266 nihil
1147 224 1329 279 proficis:

197 283 296 335 quin
314 283 388 321 hoc
405 283 489 334 ipso
513 282 658 320 minuis
680 282 851 321 dolorem
875 295 1024 331 meum,
1052 281 1171 334 quod,
1191 289 1237 320 ut
1252 281 1330 320 mi-

199 349 314 385 nuas,
347 343 428 376 tam
461 337 574 376 valde
606 337 781 375 laboras:
819 336 952 388 idque,
986 336 1118 385 velim,
1159 348 1209 374 ne
1240 349 1329 388 gra-

199 404 289 431 vere
313 404 435 444 quam
463 391 671 444 saepissime
695 391 830 429 facere.
863 390 1044 430 Maxime
1068 397 1200 429 autem
1229 402 1332 429 asse-

200 459 320 499 quere
350 445 456 498 quod
474 446 545 494 vis,
573 446 604 484 si
629 458 693 484 me
718 445 923 484 adduxeris
946 453 991 483 ut
1009 444 1245 492 existimem,
1264 456 1330 483 me

199 502 392 541 bonorum
409 500 600 550 judicium
629 512 705 538 non
731 500 907 539 funditus
924 499 1032 551 perdi
1034 499 1145 538 disse.
1178 498 1333 546 Quam·

201 568 324 608 quam
357 554 452 608 quid
474 562 517 593 tu
543 555 583 592 in
612 567 655 592 eo
679 557 820 607 potes?
851 554 965 593 Nihil
993 554 1145 593 scilicet.
1177 552 1269 601 Sed,
1299 551 1333 592 si

201 609 299 662 quid
317 623 377 648 ras
395 609 503 648 dabit
528 609 600 648 tibi
622 608 830 656 facultatis,
857 608 898 647 id
923 621 987 647 me
1007 608 1181 647 maxime
1199 619 1333 646 conso-

199 663 273 702 lari
291 663 459 716 poterit;
481 663 586 725 quod
604 677 708 702 nunc
727 663 884 715 quidem
904 663 1015 702 video
1033 674 1111 701 non
1131 675 1234 702 esse.
1223 676 1233 685 ·
1266 660 1334 701 sed

201 718 236 757 si
253 717 363 770 quid,
384 731 432 756 ex
452 718 622 757 eventis:
652 726 697 756 ut
713 718 788 757 hoc
805 730 909 756 nunc
928 717 1076 756 accidit.

259 772 427 812 Dicebat
446 772 621 811 debuisse
640 785 673 811 ci
675 785 730 810 im
751 771 938 824 Pompeio
956 771 1154 834 proficisci.
1188 769 1334 810 Exitus

201 827 309 866 illius
327 827 470 865 minuit
489 827 572 877 ejus
591 827 704 865 officii
727 826 972 879 praetermissi
990 825 1336 878 reprehensionem.

204 881 282 922 Sed
297 895 344 920 ex
363 881 544 920 omnibus
558 881 655 919 nihil
667 881 791 932 magis
805 889 933 919 tamen
950 879 1199 927 desideratur,
1212 892 1333 932 quam

204 936 311 989 quod
329 935 368 974 in
390 935 565 974 Africam
590 947 668 974 non
687 935 810 974 ierim.
843 935 871 974 ,J
876 933 1002 973 udicio
1026 934 1100 973 hoc
1117 947 1206 973 sum
1222 946 1334 981 usus,

204 1002 284 1029 non
303 1003 382 1029 esse
400 990 572 1028 barbaris
590 989 744 1028 auxiliis
763 989 1017 1028 fallacissimae
1035 988 1160 1041 gentis
1177 1001 1336 1040 rempu-

202 1045 345 1084 blicam
383 1044 677 1091 defendendam,
714 1044 926 1096 praesertim
962 1053 1094 1082 contra
1123 1043 1335 1082 exercitum

203 1112 305 1151 saepe
324 1098 519 1138 victorem.
555 1099 650 1137 Non
669 1100 835 1160 probant
853 1098 1036 1137 fortasse:
1066 1098 1211 1137 multos
1229 1097 1336 1137 enim

202 1154 304 1192 viros
321 1155 442 1192 bonos
469 1153 510 1191 in
528 1152 708 1192 Africam
726 1153 872 1192 venisse
897 1152 1025 1199 audio,
1054 1159 1092 1191 et
1113 1151 1189 1191 scio
1216 1151 1336 1191 fuisse

206 1216 332 1247 antea.
363 1208 403 1247 V
405 1207 490 1246 alde
509 1207 582 1246 hoc
598 1208 682 1247 loco
701 1220 851 1260 urgeor.
890 1207 972 1246 Hic
994 1219 1149 1259 quoque
1167 1219 1265 1259 opus
1279 1213 1338 1247 est

203 1275 322 1302 casu·
352 1262 474 1314 aliqui
500 1262 576 1301 sint
602 1275 650 1301 ex
669 1262 729 1310 iis,
754 1270 834 1306 aut,
859 1261 893 1300 si
920 1269 1060 1314 potest,
1090 1273 1239 1309 omnes,
1265 1261 1336 1313 qui

204 1317 371 1356 salutem
400 1324 647 1369 anteponant.
688 1317 811 1364 Nam,
845 1316 877 1355 si
905 1322 1147 1368 perseverant
1169 1323 1207 1354 et
1233 1315 1334 1354 obti

202 1379 314 1433 nent,
341 1371 438 1433 quid
456 1372 566 1410 nobis
592 1371 769 1411 futurum
789 1371 852 1420 sit,
871 1370 990 1410 vidoe.
1021 1369 1153 1420 Dices,
1172 1369 1269 1422 quid
1286 1369 1335 1409 il-

201 1425 265 1474 lis,
286 1425 317 1464 si
337 1426 426 1465 victi
445 1434 558 1465 erunt
574 1428 592 1465 Ρ
620 1425 813 1465 honoetior
831 1432 888 1465 est
904 1425 1032 1477 plaga.

260 1480 360 1519 Haec
390 1493 454 1519 me
486 1480 717 1520 excruciant.
757 1480 920 1532 Sulpicii
951 1489 1083 1518 autem
1111 1478 1334 1528 consilium,

201 1545 281 1574 non
311 1534 506 1587 scripsisti,
535 1548 603 1574 cur
628 1547 715 1574 meo
737 1547 814 1573 non
833 1541 1082 1586 anteponeres
1097 1548 1109 1572 ι
1140 1533 1244 1586 quod
1263 1534 1335 1574 etsi

201 1600 281 1627 ιιοιι
300 1596 380 1627 tam
400 1589 609 1641 gloriosum
629 1600 686 1628 est
699 1602 819 1642 quam
835 1588 1009 1638 Catonis,
1028 1595 1159 1627 tamen
1177 1595 1215 1627 et
1231 1588 1336 1641 peri-

200 1643 292 1683 culo
310 1656 476 1683 vacuum
495 1652 565 1693 est,
587 1651 624 1683 et
643 1644 783 1683 dolore.

256 1698 492 1737 Extremum
512 1707 570 1738 est
588 1711 736 1747 eorum,
757 1699 825 1751 qui
852 1698 893 1737 in
911 1697 1068 1737 Acha‘i'a
1086 1702 1189 1736 sunt.
1220 1695 1258 1736 Ii
1275 1704 1335 1737 ta-

202 1764 293 1791 men
312 1752 386 1804 ipsi
415 1765 453 1791 se
475 1753 548 1792 hoc
570 1753 710 1795 melius
731 1753 889 1801 habent,
914 1765 1034 1814 quam
1059 1764 1142 1801 nos,
1170 1752 1275 1805 quod
1293 1760 1334 1795 et

202 1807 320 1846 multi
349 1815 440 1846 sunt
468 1819 547 1846 uno
575 1808 615 1846 in
642 1808 752 1854 loco;
786 1816 838 1857 et,
857 1820 949 1847 cum
974 1807 1016 1846 in
1041 1806 1200 1846 Italiam
1219 1819 1333 1875 vene-7

201 1861 296 1907 rint,
316 1860 477 1900 domum
498 1862 627 1900 statim
647 1862 832 1902 venerint.

259 1916 301 1955 H
305 1929 358 1955 aec
377 1923 420 1955 tu
438 1929 568 1968 perge,
592 1924 637 1955 ut
650 1916 756 1966 facis,
771 1916 962 1969 mitigare,
981 1923 1020 1956 et
1036 1917 1199 1969 probare
1210 1928 1332 1969 quam

201 1971 397 2023 plurimis.
434 1970 554 2019 Quod
572 1978 610 2010 te
628 1984 812 2018 excusas,
800 1985 811 1996 ·
842 1984 913 2023 ego
932 1984 1020 2011 vero
1038 1979 1077 2010 et
1094 1978 1180 2010 tuas
1199 1983 1333 2011 causas

201 2038 345 2071 nosc03
375 2032 414 2064 et
436 2037 523 2063 mea
550 2024 730 2065 interesse
757 2034 868 2078 puto,
899 2033 938 2065 te
967 2025 1054 2065 istic
1081 2038 1175 2075 esse,
1201 2025 1263 2065 vel
1287 2033 1334 2066 ut

199 2092 293 2119 cum
322 2079 383 2128 iis,
403 2079 546 2132 quibus
568 2080 771 2132 oportebit,
791 2093 896 2132 agas,
923 2093 1013 2132 quae
1037 2087 1151 2119 erunt
1181 2079 1333 2132 agenda

199 2133 250 2172 de
267 2134 393 2183 nobis,
419 2140 465 2173 ut
490 2146 536 2172 ea
560 2147 648 2186 quae
665 2134 800 2186 egisti.
830 2135 871 2172 ιιι
890 2134 1102 2187 primisque
1120 2133 1194 2174 hoc
1211 2134 1330 2174 velim

198 2188 494 2227 animadvertas.
521 2188 675 2228 Multos
694 2202 773 2228 esse
791 2189 967 2239 arbitror,
980 2190 1050 2242 qui
1066 2188 1118 2228 ad
1137 2187 1332 2229 Caesarem

198 2241 419 2295 detulerint,
453 2242 664 2284 delaturive
688 2242 780 2293 sint,
802 2255 867 2283 me
893 2251 963 2284 aut
981 2242 1165 2298 poenitere
1180 2242 1330 2288 oondlii
