<?xml version="1.0" encoding="UTF-8"?>
<!DOCTYPE html PUBLIC "-//W3C//DTD XHTML 1.0 Transitional//EN"
    "http://www.w3.org/TR/xhtml1/DTD/xhtml1-transitional.dtd">
<html xmlns="http://www.w3.org/1999/xhtml" xml:lang="en" lang="en">
 <head>
  <title>
</title>
<meta http-equiv="Content-Type" content="text/html;charset=utf-8" />
  <meta name='ocr-system' content='tesseract 3.04.00' />
  <meta name='ocr-capabilities' content='ocr_page ocr_carea ocr_par ocr_line ocrx_word'/>
</head>
<body>
  <div class='ocr_page' id='page_1' title='image "./operaern11ciceuoft_0158.png"; bbox 0 0 1498 2401; ppageno 0'>
   <div class='ocr_carea' id='block_1_1' title="bbox 285 118 1211 161">
    <p class='ocr_par' dir='ltr' id='par_1_1' title="bbox 285 118 1211 161">
     <span class='ocr_line' id='line_1_1' title="bbox 285 118 1211 161; baseline 0.002 -6"><span class='ocrx_word' id='word_1_1' title='bbox 285 118 358 156; x_wconf 79' lang='lat'><strong>144</strong></span> <span class='ocrx_word' id='word_1_2' title='bbox 469 120 552 159; x_wconf 94' lang='lat' dir='ltr'><strong>AD</strong></span> <span class='ocrx_word' id='word_1_3' title='bbox 574 121 860 161; x_wconf 92' lang='lat' dir='ltr'><strong>ATTICUM.</strong></span> <span class='ocrx_word' id='word_1_4' title='bbox 890 122 993 160; x_wconf 78' lang='lat' dir='ltr'><strong>Lm.</strong></span> <span class='ocrx_word' id='word_1_5' title='bbox 1015 118 1142 160; x_wconf 88' lang='lat' dir='ltr'><strong>XIII.</strong></span> <span class='ocrx_word' id='word_1_6' title='bbox 1173 122 1211 159; x_wconf 82' lang='lat'><strong>9.</strong></span> 
     </span>
    </p>
   </div>
   <div class='ocr_carea' id='block_1_2' title="bbox 276 221 1398 1074">
    <p class='ocr_par' dir='ltr' id='par_1_2' title="bbox 276 221 1398 759">
     <span class='ocr_line' id='line_1_2' title="bbox 276 221 1395 281; baseline -0.001 -18"><span class='ocrx_word' id='word_1_7' title='bbox 276 232 423 265; x_wconf 89' lang='lat' dir='ltr'><strong>certum</strong></span> <span class='ocrx_word' id='word_1_8' title='bbox 443 241 521 267; x_wconf 87' lang='lat' dir='ltr'><strong>esse</strong></span> <span class='ocrx_word' id='word_1_9' title='bbox 540 229 679 268; x_wconf 89' lang='lat' dir='ltr'><strong>Romae</strong></span> <span class='ocrx_word' id='word_1_10' title='bbox 696 242 874 276; x_wconf 81' lang='lat' dir='ltr'><strong>manere3</strong></span> <span class='ocrx_word' id='word_1_11' title='bbox 907 241 1139 281; x_wconf 87' lang='lat' dir='ltr'>causamque</span> <span class='ocrx_word' id='word_1_12' title='bbox 1153 239 1238 266; x_wconf 84' lang='lat' dir='ltr'><strong>eam</strong></span> <span class='ocrx_word' id='word_1_13' title='bbox 1255 221 1395 263; x_wconf 82' lang='lat' dir='ltr'><strong>adscri-</strong></span> 
     </span>
     <span class='ocr_line' id='line_1_3' title="bbox 277 276 1397 338; baseline 0.002 -20"><span class='ocrx_word' id='word_1_14' title='bbox 277 280 380 330; x_wconf 80' lang='lat' dir='ltr'><strong>bere,</strong></span> <span class='ocrx_word' id='word_1_15' title='bbox 402 295 489 333; x_wconf 86' lang='lat' dir='ltr'><strong>quae</strong></span> <span class='ocrx_word' id='word_1_16' title='bbox 507 290 586 322; x_wconf 89' lang='lat' dir='ltr'><strong>erat</strong></span> <span class='ocrx_word' id='word_1_17' title='bbox 610 284 650 321; x_wconf 88' lang='lat' dir='ltr'><strong>in</strong></span> <span class='ocrx_word' id='word_1_18' title='bbox 670 284 829 335; x_wconf 65' lang='lat' dir='ltr'><strong>epistola</strong></span> <span class='ocrx_word' id='word_1_19' title='bbox 847 284 991 332; x_wconf 69' lang='lat' dir='ltr'><strong>nostra,</strong></span> <span class='ocrx_word' id='word_1_20' title='bbox 1011 295 1073 329; x_wconf 91' lang='lat' dir='ltr'><strong>ne,</strong></span> <span class='ocrx_word' id='word_1_21' title='bbox 1094 295 1134 320; x_wconf 89' lang='lat' dir='ltr'><strong>se</strong></span> <span class='ocrx_word' id='word_1_22' title='bbox 1151 283 1320 326; x_wconf 80' lang='lat' dir='ltr'><strong>absente,</strong></span> <span class='ocrx_word' id='word_1_23' title='bbox 1339 276 1397 338; x_wconf 57' lang='lat' dir='ltr'><strong>{e-</strong></span> 
     </span>
     <span class='ocr_line' id='line_1_4' title="bbox 277 337 1395 388; baseline -0.004 -16"><span class='ocrx_word' id='word_1_24' title='bbox 277 346 344 383; x_wconf 89' lang='lat' dir='ltr'><strong>ges</strong></span> <span class='ocrx_word' id='word_1_25' title='bbox 363 347 441 374; x_wconf 85' lang='lat' dir='ltr'><strong>suae</strong></span> <span class='ocrx_word' id='word_1_26' title='bbox 454 337 750 388; x_wconf 84' lang='lat' dir='ltr'><strong>negligerentur,</strong></span> <span class='ocrx_word' id='word_1_27' title='bbox 767 338 864 376; x_wconf 87' lang='lat' dir='ltr'><strong>sicut</strong></span> <span class='ocrx_word' id='word_1_28' title='bbox 879 345 974 377; x_wconf 86' lang='lat' dir='ltr'><strong>esset</strong></span> <span class='ocrx_word' id='word_1_29' title='bbox 983 337 1155 388; x_wconf 86' lang='lat' dir='ltr'><strong>neglecta</strong></span> <span class='ocrx_word' id='word_1_30' title='bbox 1171 339 1395 374; x_wconf 78' lang='lat' dir='ltr'><strong>summaria.</strong></span> 
     </span>
     <span class='ocr_line' id='line_1_5' title="bbox 278 388 1396 443; baseline -0.002 -18"><span class='ocrx_word' id='word_1_31' title='bbox 278 388 351 426; x_wconf 86' lang='lat' dir='ltr'><strong>Est</strong></span> <span class='ocrx_word' id='word_1_32' title='bbox 382 396 546 436; x_wconf 72' lang='grc' dir='ltr'>ευλογονε</span> <span class='ocrx_word' id='word_1_33' title='bbox 578 392 695 443; x_wconf 90' lang='lat' dir='ltr'><strong>idque</strong></span> <span class='ocrx_word' id='word_1_34' title='bbox 721 405 824 430; x_wconf 87' lang='lat' dir='ltr'><strong>eram</strong></span> <span class='ocrx_word' id='word_1_35' title='bbox 847 392 1069 443; x_wconf 85' lang='lat' dir='ltr'><strong>suspicatus.</strong></span> <span class='ocrx_word' id='word_1_36' title='bbox 1104 389 1180 429; x_wconf 78' lang='lat' dir='ltr'><strong>Sed</strong></span> <span class='ocrx_word' id='word_1_37' title='bbox 1204 388 1286 426; x_wconf 82' lang='lat' dir='ltr'><strong>istis</strong></span> <span class='ocrx_word' id='word_1_38' title='bbox 1311 395 1396 423; x_wconf 91' lang='lat' dir='ltr'><strong>mos</strong></span> 
     </span>
     <span class='ocr_line' id='line_1_6' title="bbox 279 441 1396 498; baseline -0.001 -19"><span class='ocrx_word' id='word_1_39' title='bbox 279 442 467 492; x_wconf 88' lang='lat' dir='ltr'><strong>gerendus</strong></span> <span class='ocrx_word' id='word_1_40' title='bbox 486 453 567 491; x_wconf 87' lang='lat' dir='ltr'><strong>est;</strong></span> <span class='ocrx_word' id='word_1_41' title='bbox 598 446 670 484; x_wconf 88' lang='lat' dir='ltr'><strong>nisi</strong></span> <span class='ocrx_word' id='word_1_42' title='bbox 688 447 813 497; x_wconf 87' lang='lat' dir='ltr'><strong>placet</strong></span> <span class='ocrx_word' id='word_1_43' title='bbox 830 446 929 484; x_wconf 88' lang='lat' dir='ltr'><strong>hanc</strong></span> <span class='ocrx_word' id='word_1_44' title='bbox 946 446 1069 497; x_wconf 87' lang='lat' dir='ltr'><strong>ipsam</strong></span> <span class='ocrx_word' id='word_1_45' title='bbox 1088 441 1314 482; x_wconf 81' lang='lat' dir='ltr'><strong>sententiam</strong></span> <span class='ocrx_word' id='word_1_46' title='bbox 1327 449 1396 498; x_wconf 65' lang='lat' dir='ltr'><strong>nos</strong></span> 
     </span>
     <span class='ocr_line' id='line_1_7' title="bbox 278 491 1398 548; baseline -0.002 -14"><span class='ocrx_word' id='word_1_47' title='bbox 278 496 464 548; x_wconf 83' lang='lat' dir='ltr'><strong>persequi.</strong></span> <span class='ocrx_word' id='word_1_48' title='bbox 495 499 550 536; x_wconf 88' lang='lat' dir='ltr'><strong>Et</strong></span> <span class='ocrx_word' id='word_1_49' title='bbox 569 499 783 538; x_wconf 89' lang='lat' dir='ltr'>Lentulum</span> <span class='ocrx_word' id='word_1_50' title='bbox 796 512 883 538; x_wconf 90' lang='lat' dir='ltr'><strong>cum</strong></span> <span class='ocrx_word' id='word_1_51' title='bbox 900 498 1062 538; x_wconf 69' lang='lat' dir='ltr'><strong>Metella</strong></span> <span class='ocrx_word' id='word_1_52' title='bbox 1076 504 1173 537; x_wconf 87' lang='lat' dir='ltr'><strong>certe</strong></span> <span class='ocrx_word' id='word_1_53' title='bbox 1191 496 1320 534; x_wconf 84' lang='lat' dir='ltr'><strong>fecisse</strong></span> <span class='ocrx_word' id='word_1_54' title='bbox 1338 491 1398 529; x_wconf 85' lang='lat' dir='ltr'><strong>dl-</strong></span> 
     </span>
     <span class='ocr_line' id='line_1_8' title="bbox 279 547 1394 599; baseline 0.002 -11"><span class='ocrx_word' id='word_1_55' title='bbox 279 550 456 588; x_wconf 87' lang='lat' dir='ltr'><strong>vortium.</strong></span> <span class='ocrx_word' id='word_1_56' title='bbox 498 552 595 591; x_wconf 89' lang='lat' dir='ltr'><strong>Haec</strong></span> <span class='ocrx_word' id='word_1_57' title='bbox 622 554 752 592; x_wconf 86' lang='lat' dir='ltr'><strong>omnia</strong></span> <span class='ocrx_word' id='word_1_58' title='bbox 779 562 821 592; x_wconf 90' lang='lat' dir='ltr'><strong>tu</strong></span> <span class='ocrx_word' id='word_1_59' title='bbox 849 554 999 592; x_wconf 87' lang='lat' dir='ltr'><strong>melius.</strong></span> <span class='ocrx_word' id='word_1_60' title='bbox 1038 550 1237 591; x_wconf 84' lang='lat' dir='ltr'><strong>Rescribes</strong></span> <span class='ocrx_word' id='word_1_61' title='bbox 1263 547 1394 599; x_wconf 61' lang='lat' dir='ltr'><strong>igitur,</strong></span> 
     </span>
     <span class='ocr_line' id='line_1_9' title="bbox 279 603 1397 659; baseline -0.001 -19"><span class='ocrx_word' id='word_1_62' title='bbox 279 603 469 655; x_wconf 89' lang='lat' dir='ltr'><strong>quidquid</strong></span> <span class='ocrx_word' id='word_1_63' title='bbox 478 607 592 651; x_wconf 88' lang='lat' dir='ltr'><strong>voles,</strong></span> <span class='ocrx_word' id='word_1_64' title='bbox 606 607 702 645; x_wconf 89' lang='lat' dir='ltr'><strong>dum</strong></span> <span class='ocrx_word' id='word_1_65' title='bbox 720 608 835 646; x_wconf 83' lang='lat' dir='ltr'><strong>modo</strong></span> <span class='ocrx_word' id='word_1_66' title='bbox 853 607 965 659; x_wconf 82' lang='lat' dir='ltr'><strong>quid:</strong></span> <span class='ocrx_word' id='word_1_67' title='bbox 981 608 1063 656; x_wconf 88' lang='lat' dir='ltr'><strong>jam</strong></span> <span class='ocrx_word' id='word_1_68' title='bbox 1078 605 1181 645; x_wconf 89' lang='lat' dir='ltr'><strong>enim</strong></span> <span class='ocrx_word' id='word_1_69' title='bbox 1194 615 1273 642; x_wconf 90' lang='lat' dir='ltr'><strong>non</strong></span> <span class='ocrx_word' id='word_1_70' title='bbox 1289 612 1397 651; x_wconf 85' lang='lat' dir='ltr'><strong>repe-</strong></span> 
     </span>
     <span class='ocr_line' id='line_1_10' title="bbox 279 654 1396 713; baseline -0.003 -19"><span class='ocrx_word' id='word_1_71' title='bbox 279 657 349 704; x_wconf 91' lang='lat' dir='ltr'><strong>rio,</strong></span> <span class='ocrx_word' id='word_1_72' title='bbox 370 659 473 709; x_wconf 91' lang='lat' dir='ltr'><strong>quod</strong></span> <span class='ocrx_word' id='word_1_73' title='bbox 492 667 529 698; x_wconf 89' lang='lat' dir='ltr'><strong>te</strong></span> <span class='ocrx_word' id='word_1_74' title='bbox 554 661 826 713; x_wconf 87' lang='lat' dir='ltr'><strong>rescripturum</strong></span> <span class='ocrx_word' id='word_1_75' title='bbox 851 669 999 713; x_wconf 86' lang='lat' dir='ltr'><strong>putem,</strong></span> <span class='ocrx_word' id='word_1_76' title='bbox 1025 660 1098 699; x_wconf 90' lang='lat' dir='ltr'><strong>nisi</strong></span> <span class='ocrx_word' id='word_1_77' title='bbox 1119 660 1216 698; x_wconf 84' lang='lat' dir='ltr'><strong>forte</strong></span> <span class='ocrx_word' id='word_1_78' title='bbox 1233 657 1282 695; x_wconf 86' lang='lat' dir='ltr'><strong>de</strong></span> <span class='ocrx_word' id='word_1_79' title='bbox 1299 654 1396 693; x_wconf 92' lang='lat' dir='ltr'><strong>Mu-</strong></span> 
     </span>
     <span class='ocr_line' id='line_1_11' title="bbox 280 711 817 759; baseline 0.006 -10"><span class='ocrx_word' id='word_1_80' title='bbox 280 711 404 759; x_wconf 62' lang='lat' dir='ltr'><strong>stella,</strong></span> <span class='ocrx_word' id='word_1_81' title='bbox 425 720 491 751; x_wconf 88' lang='lat' dir='ltr'><strong>aut</strong></span> <span class='ocrx_word' id='word_1_82' title='bbox 511 714 649 753; x_wconf 85' lang='lat' dir='ltr'><strong>Silium</strong></span> <span class='ocrx_word' id='word_1_83' title='bbox 670 716 817 754; x_wconf 86' lang='lat' dir='ltr'><strong>videris.</strong></span> 
     </span>
    </p>

    <p class='ocr_par' dir='ltr' id='par_1_3' title="bbox 278 761 1398 1074">
     <span class='ocr_line' id='line_1_12' title="bbox 331 761 1398 819; baseline 0 -16"><span class='ocrx_word' id='word_1_84' title='bbox 331 765 480 805; x_wconf 87' lang='lat' dir='ltr'><strong>Brutus</strong></span> <span class='ocrx_word' id='word_1_85' title='bbox 498 767 579 805; x_wconf 90' lang='lat' dir='ltr'><strong>heri</strong></span> <span class='ocrx_word' id='word_1_86' title='bbox 598 769 701 807; x_wconf 88' lang='lat' dir='ltr'><strong>venit</strong></span> <span class='ocrx_word' id='word_1_87' title='bbox 719 769 760 806; x_wconf 92' lang='lat' dir='ltr'><strong>in</strong></span> <span class='ocrx_word' id='word_1_88' title='bbox 779 769 1048 806; x_wconf 88' lang='lat' dir='ltr'><strong>Tusculanum</strong></span> <span class='ocrx_word' id='word_1_89' title='bbox 1071 774 1158 819; x_wconf 87' lang='lat' dir='ltr'><strong>post</strong></span> <span class='ocrx_word' id='word_1_90' title='bbox 1177 766 1314 804; x_wconf 88' lang='lat' dir='ltr'><strong>horam</strong></span> <span class='ocrx_word' id='word_1_91' title='bbox 1331 761 1398 800; x_wconf 85' lang='lat' dir='ltr'><strong>de-</strong></span> 
     </span>
     <span class='ocr_line' id='line_1_13' title="bbox 279 820 1397 873; baseline -0.003 -16"><span class='ocrx_word' id='word_1_92' title='bbox 279 820 432 858; x_wconf 88' lang='lat' dir='ltr'><strong>cimam.</strong></span> <span class='ocrx_word' id='word_1_93' title='bbox 462 821 591 860; x_wconf 88' lang='lat' dir='ltr'>Hodie</span> <span class='ocrx_word' id='word_1_94' title='bbox 609 822 726 873; x_wconf 85' lang='lat' dir='ltr'><strong>igitur</strong></span> <span class='ocrx_word' id='word_1_95' title='bbox 744 836 807 860; x_wconf 89' lang='lat' dir='ltr'><strong>me</strong></span> <span class='ocrx_word' id='word_1_96' title='bbox 826 822 991 860; x_wconf 84' lang='lat' dir='ltr'><strong>videbit:</strong></span> <span class='ocrx_word' id='word_1_97' title='bbox 1022 821 1229 866; x_wconf 86' lang='lat' dir='ltr'><strong>acveUem,</strong></span> <span class='ocrx_word' id='word_1_98' title='bbox 1249 830 1340 856; x_wconf 88' lang='lat' dir='ltr'><strong>cum</strong></span> <span class='ocrx_word' id='word_1_99' title='bbox 1353 822 1397 854; x_wconf 85' lang='lat' dir='ltr'><strong>tu</strong></span> 
     </span>
     <span class='ocr_line' id='line_1_14' title="bbox 279 871 1398 927; baseline -0.004 -16"><span class='ocrx_word' id='word_1_100' title='bbox 279 873 438 912; x_wconf 83' lang='lat' dir='ltr'><strong>adesses.</strong></span> <span class='ocrx_word' id='word_1_101' title='bbox 467 875 497 912; x_wconf 84' lang='lat' dir='ltr'>J</span> <span class='ocrx_word' id='word_1_102' title='bbox 499 875 578 913; x_wconf 84' lang='lat' dir='ltr'><strong>ussi</strong></span> <span class='ocrx_word' id='word_1_103' title='bbox 603 875 780 927; x_wconf 78' lang='lat' dir='ltr'><strong>equidem</strong></span> <span class='ocrx_word' id='word_1_104' title='bbox 806 876 840 914; x_wconf 88' lang='lat' dir='ltr'><strong>ei</strong></span> <span class='ocrx_word' id='word_1_105' title='bbox 860 875 1042 923; x_wconf 86' lang='lat' dir='ltr'><strong>nuntiari,</strong></span> <span class='ocrx_word' id='word_1_106' title='bbox 1062 881 1113 922; x_wconf 87' lang='lat' dir='ltr'><strong>te,</strong></span> <span class='ocrx_word' id='word_1_107' title='bbox 1140 871 1268 925; x_wconf 89' lang='lat' dir='ltr'><strong>quoad</strong></span> <span class='ocrx_word' id='word_1_108' title='bbox 1285 877 1398 922; x_wconf 86' lang='lat' dir='ltr'><strong>potu-</strong></span> 
     </span>
     <span class='ocr_line' id='line_1_15' title="bbox 278 922 1398 979; baseline -0.003 -14"><span class='ocrx_word' id='word_1_109' title='bbox 278 927 383 974; x_wconf 80' lang='lat' dir='ltr'><strong>isses,</strong></span> <span class='ocrx_word' id='word_1_110' title='bbox 414 929 649 979; x_wconf 57' lang='lat' dir='ltr'><strong>exspectasse</strong></span> <span class='ocrx_word' id='word_1_111' title='bbox 678 930 760 978; x_wconf 89' lang='lat' dir='ltr'><strong>ejus</strong></span> <span class='ocrx_word' id='word_1_112' title='bbox 791 929 1014 976; x_wconf 88' lang='lat' dir='ltr'><strong>adventum,</strong></span> <span class='ocrx_word' id='word_1_113' title='bbox 1040 934 1336 978; x_wconf 88' lang='lat' dir='ltr'><strong>venturumque,</strong></span> <span class='ocrx_word' id='word_1_114' title='bbox 1366 922 1398 962; x_wconf 87' lang='lat' dir='ltr'><strong>si</strong></span> 
     </span>
     <span class='ocr_line' id='line_1_16' title="bbox 279 979 1397 1035; baseline -0.002 -17"><span class='ocrx_word' id='word_1_115' title='bbox 279 981 472 1027; x_wconf 81' lang='lat' dir='ltr'><strong>audisses;</strong></span> <span class='ocrx_word' id='word_1_116' title='bbox 509 995 649 1034; x_wconf 90' lang='lat' dir='ltr'><strong>meque</strong></span> <span class='ocrx_word' id='word_1_117' title='bbox 684 984 747 1035; x_wconf 86' lang='lat' dir='ltr'><strong>(ut</strong></span> <span class='ocrx_word' id='word_1_118' title='bbox 777 981 891 1032; x_wconf 89' lang='lat' dir='ltr'><strong>facio)</strong></span> <span class='ocrx_word' id='word_1_119' title='bbox 927 981 1106 1020; x_wconf 87' lang='lat' dir='ltr'><strong>continuo</strong></span> <span class='ocrx_word' id='word_1_120' title='bbox 1137 988 1176 1020; x_wconf 84' lang='lat' dir='ltr'><strong>te</strong></span> <span class='ocrx_word' id='word_1_121' title='bbox 1201 979 1397 1020; x_wconf 81' lang='lat' dir='ltr'><strong>certiorem</strong></span> 
     </span>
     <span class='ocr_line' id='line_1_17' title="bbox 282 1034 584 1074; baseline 0.007 -2"><span class='ocrx_word' id='word_1_122' title='bbox 282 1047 361 1073; x_wconf 89' lang='lat' dir='ltr'><strong>esse</strong></span> <span class='ocrx_word' id='word_1_123' title='bbox 379 1034 584 1074; x_wconf 86' lang='lat' dir='ltr'><strong>facturum.</strong></span> 
     </span>
    </p>
   </div>
   <div class='ocr_carea' id='block_1_3' title="bbox 517 1198 1165 1251">
    <p class='ocr_par' dir='ltr' id='par_1_4' title="bbox 517 1198 1165 1251">
     <span class='ocr_line' id='line_1_18' title="bbox 517 1198 1165 1251; baseline 0 -13"><span class='ocrx_word' id='word_1_124' title='bbox 517 1198 604 1251; x_wconf 84' lang='lat'><strong>(3.)</strong></span> <span class='ocrx_word' id='word_1_125' title='bbox 635 1199 846 1240; x_wconf 88' lang='lat' dir='ltr'><strong>CICERO</strong></span> <span class='ocrx_word' id='word_1_126' title='bbox 874 1199 1095 1239; x_wconf 84' lang='lat' dir='ltr'><strong>ATTICO</strong></span> <span class='ocrx_word' id='word_1_127' title='bbox 1125 1199 1165 1239; x_wconf 87' lang='lat' dir='ltr'><strong>S.</strong></span> 
     </span>
    </p>
   </div>
   <div class='ocr_carea' id='block_1_4' title="bbox 283 1305 1402 1724">
    <p class='ocr_par' dir='ltr' id='par_1_5' title="bbox 283 1305 1402 1724">
     <span class='ocr_line' id='line_1_19' title="bbox 339 1305 1401 1361; baseline -0.001 -16"><span class='ocrx_word' id='word_1_128' title='bbox 339 1307 462 1346; x_wconf 88' lang='lat' dir='ltr'><strong>Plane</strong></span> <span class='ocrx_word' id='word_1_129' title='bbox 490 1308 588 1346; x_wconf 86' lang='lat' dir='ltr'><strong>nihil</strong></span> <span class='ocrx_word' id='word_1_130' title='bbox 620 1316 712 1356; x_wconf 89' lang='lat' dir='ltr'><strong>erat,</strong></span> <span class='ocrx_word' id='word_1_131' title='bbox 747 1309 851 1361; x_wconf 86' lang='lat' dir='ltr'><strong>quod</strong></span> <span class='ocrx_word' id='word_1_132' title='bbox 879 1309 929 1347; x_wconf 86' lang='lat' dir='ltr'><strong>ad</strong></span> <span class='ocrx_word' id='word_1_133' title='bbox 955 1316 992 1347; x_wconf 88' lang='lat' dir='ltr'><strong>te</strong></span> <span class='ocrx_word' id='word_1_134' title='bbox 1023 1308 1234 1346; x_wconf 83' lang='lat' dir='ltr'><strong>scriberem.</strong></span> <span class='ocrx_word' id='word_1_135' title='bbox 1276 1305 1401 1345; x_wconf 87' lang='lat' dir='ltr'><strong>Modo</strong></span> 
     </span>
     <span class='ocr_line' id='line_1_20' title="bbox 286 1360 1396 1415; baseline 0 -17"><span class='ocrx_word' id='word_1_136' title='bbox 286 1360 389 1399; x_wconf 89' lang='lat' dir='ltr'><strong>enim</strong></span> <span class='ocrx_word' id='word_1_137' title='bbox 418 1362 650 1410; x_wconf 84' lang='lat' dir='ltr'><strong>discesseras,</strong></span> <span class='ocrx_word' id='word_1_138' title='bbox 685 1371 722 1402; x_wconf 88' lang='lat' dir='ltr'><strong>et</strong></span> <span class='ocrx_word' id='word_1_139' title='bbox 750 1363 866 1415; x_wconf 89' lang='lat' dir='ltr'><strong>paulo</strong></span> <span class='ocrx_word' id='word_1_140' title='bbox 894 1370 979 1414; x_wconf 87' lang='lat' dir='ltr'><strong>post</strong></span> <span class='ocrx_word' id='word_1_141' title='bbox 1000 1362 1164 1413; x_wconf 84' lang='lat' dir='ltr'><strong>triplices</strong></span> <span class='ocrx_word' id='word_1_142' title='bbox 1188 1360 1396 1400; x_wconf 85' lang='lat' dir='ltr'><strong>remiseras.</strong></span> 
     </span>
     <span class='ocr_line' id='line_1_21' title="bbox 286 1414 1397 1463; baseline 0 -11"><span class='ocrx_word' id='word_1_143' title='bbox 286 1414 432 1463; x_wconf 89' lang='lat' dir='ltr'><strong>Velim,</strong></span> <span class='ocrx_word' id='word_1_144' title='bbox 453 1429 559 1455; x_wconf 87' lang='lat' dir='ltr'><strong>cures</strong></span> <span class='ocrx_word' id='word_1_145' title='bbox 576 1417 799 1455; x_wconf 82' lang='lat' dir='ltr'><strong>fasciculum</strong></span> <span class='ocrx_word' id='word_1_146' title='bbox 818 1417 867 1455; x_wconf 88' lang='lat' dir='ltr'><strong>ad</strong></span> <span class='ocrx_word' id='word_1_147' title='bbox 885 1416 1107 1456; x_wconf 89' lang='lat' dir='ltr'><strong>Vestorium</strong></span> <span class='ocrx_word' id='word_1_148' title='bbox 1125 1414 1372 1454; x_wconf 88' lang='lat' dir='ltr'><strong>deferendum</strong></span> <span class='ocrx_word' id='word_1_149' title='bbox 1387 1428 1397 1452; x_wconf 75' lang='grc' dir='ltr'><em>τ</em></span> 
     </span>
     <span class='ocr_line' id='line_1_22' title="bbox 287 1468 1402 1523; baseline 0 -17"><span class='ocrx_word' id='word_1_150' title='bbox 287 1476 325 1506; x_wconf 91' lang='lat' dir='ltr'><strong>et</strong></span> <span class='ocrx_word' id='word_1_151' title='bbox 343 1469 456 1508; x_wconf 87' lang='lat' dir='ltr'><strong>alicui</strong></span> <span class='ocrx_word' id='word_1_152' title='bbox 475 1470 540 1509; x_wconf 90' lang='lat' dir='ltr'><strong>des</strong></span> <span class='ocrx_word' id='word_1_153' title='bbox 559 1471 770 1522; x_wconf 87' lang='lat' dir='ltr'><strong>negotium,</strong></span> <span class='ocrx_word' id='word_1_154' title='bbox 797 1471 866 1523; x_wconf 92' lang='lat' dir='ltr'><strong>qui</strong></span> <span class='ocrx_word' id='word_1_155' title='bbox 884 1477 1043 1523; x_wconf 84' lang='lat' dir='ltr'><strong>quaerat,</strong></span> <span class='ocrx_word' id='word_1_156' title='bbox 1070 1469 1122 1517; x_wconf 88' lang='lat' dir='ltr'><strong>Q.</strong></span> <span class='ocrx_word' id='word_1_157' title='bbox 1142 1469 1294 1508; x_wconf 89' lang='lat' dir='ltr'><strong>Faberii</strong></span> <span class='ocrx_word' id='word_1_158' title='bbox 1311 1468 1402 1506; x_wconf 87' lang='lat' dir='ltr'><strong>fun-</strong></span> 
     </span>
     <span class='ocr_line' id='line_1_23' title="bbox 284 1521 1400 1577; baseline 0.001 -18"><span class='ocrx_word' id='word_1_159' title='bbox 284 1521 357 1560; x_wconf 80' lang='lat' dir='ltr'><strong>dus</strong></span> <span class='ocrx_word' id='word_1_160' title='bbox 386 1535 482 1561; x_wconf 90' lang='lat' dir='ltr'><strong>num</strong></span> <span class='ocrx_word' id='word_1_161' title='bbox 507 1525 592 1575; x_wconf 92' lang='lat' dir='ltr'><strong>quis</strong></span> <span class='ocrx_word' id='word_1_162' title='bbox 617 1525 658 1562; x_wconf 90' lang='lat' dir='ltr'><strong>in</strong></span> <span class='ocrx_word' id='word_1_163' title='bbox 688 1525 923 1577; x_wconf 85' lang='lat' dir='ltr'><strong>Pompeiano</strong></span> <span class='ocrx_word' id='word_1_164' title='bbox 949 1525 1149 1563; x_wconf 89' lang='lat' dir='ltr'><strong>Nolanove</strong></span> <span class='ocrx_word' id='word_1_165' title='bbox 1167 1523 1310 1562; x_wconf 87' lang='lat' dir='ltr'><strong>venalis</strong></span> <span class='ocrx_word' id='word_1_166' title='bbox 1338 1522 1400 1561; x_wconf 83' lang='lat' dir='ltr'><strong>sit.</strong></span> 
     </span>
     <span class='ocr_line' id='line_1_24' title="bbox 285 1575 1401 1627; baseline 0.001 -14"><span class='ocrx_word' id='word_1_167' title='bbox 285 1575 493 1627; x_wconf 83' lang='lat' dir='ltr'><strong>Epitomen</strong></span> <span class='ocrx_word' id='word_1_168' title='bbox 515 1579 631 1617; x_wconf 86' lang='lat' dir='ltr'><strong>Bruti</strong></span> <span class='ocrx_word' id='word_1_169' title='bbox 653 1578 911 1618; x_wconf 90' lang='lat' dir='ltr'><strong>Coelianorum</strong></span> <span class='ocrx_word' id='word_1_170' title='bbox 929 1579 1044 1617; x_wconf 87' lang='lat' dir='ltr'><strong>velim</strong></span> <span class='ocrx_word' id='word_1_171' title='bbox 1068 1577 1166 1615; x_wconf 91' lang='lat' dir='ltr'><strong>mihi</strong></span> <span class='ocrx_word' id='word_1_172' title='bbox 1192 1576 1337 1622; x_wconf 81' lang='lat' dir='ltr'><strong>mittas,</strong></span> <span class='ocrx_word' id='word_1_173' title='bbox 1363 1583 1401 1614; x_wconf 89' lang='lat' dir='ltr'><strong>et</strong></span> 
     </span>
     <span class='ocr_line' id='line_1_25' title="bbox 285 1629 1402 1684; baseline 0.003 -18"><span class='ocrx_word' id='word_1_174' title='bbox 285 1641 308 1666; x_wconf 85' lang='lat' dir='ltr'><strong>a</strong></span> <span class='ocrx_word' id='word_1_175' title='bbox 327 1630 540 1671; x_wconf 83' lang='lat' dir='ltr'><strong>Philoxeno</strong></span> <span class='ocrx_word' id='word_1_176' title='bbox 553 1638 744 1671; x_wconf 69' lang='lat' dir='ltr'><strong>Hammo</strong></span> <span class='ocrx_word' id='word_1_177' title='bbox 762 1649 843 1684; x_wconf 80' lang='grc' dir='ltr'>περι</span> <span class='ocrx_word' id='word_1_178' title='bbox 863 1639 1046 1684; x_wconf 62' lang='grc' dir='ltr'><strong><em>Πρῡνοιας.</em></strong></span> <span class='ocrx_word' id='word_1_179' title='bbox 1072 1631 1133 1670; x_wconf 86' lang='lat' dir='ltr'><strong>Te</strong></span> <span class='ocrx_word' id='word_1_180' title='bbox 1147 1631 1249 1670; x_wconf 82' lang='lat' dir='ltr'><strong>Idib.</strong></span> <span class='ocrx_word' id='word_1_181' title='bbox 1264 1629 1402 1670; x_wconf 78' lang='lat' dir='ltr'><strong>videbo</strong></span> 
     </span>
     <span class='ocr_line' id='line_1_26' title="bbox 283 1685 981 1724; baseline 0.004 -3"><span class='ocrx_word' id='word_1_182' title='bbox 283 1695 372 1721; x_wconf 91' lang='lat' dir='ltr'><strong>cum</strong></span> <span class='ocrx_word' id='word_1_183' title='bbox 392 1685 479 1724; x_wconf 87' lang='lat' dir='ltr'><strong>tuis.</strong></span> <span class='ocrx_word' id='word_1_184' title='bbox 978 1702 981 1703; x_wconf 44' lang='lat'><em>⁷</em></span> 
     </span>
    </p>
   </div>
   <div class='ocr_carea' id='block_1_5' title="bbox 509 1847 1162 1901">
    <p class='ocr_par' dir='ltr' id='par_1_6' title="bbox 509 1847 1162 1901">
     <span class='ocr_line' id='line_1_27' title="bbox 509 1847 1162 1901; baseline 0.003 -15"><span class='ocrx_word' id='word_1_185' title='bbox 509 1847 600 1901; x_wconf 79' lang='lat'><strong>(9.)</strong></span> <span class='ocrx_word' id='word_1_186' title='bbox 631 1849 842 1890; x_wconf 89' lang='lat' dir='ltr'><strong>CICERO</strong></span> <span class='ocrx_word' id='word_1_187' title='bbox 869 1849 1092 1890; x_wconf 88' lang='lat' dir='ltr'><strong>ATTICO</strong></span> <span class='ocrx_word' id='word_1_188' title='bbox 1121 1851 1162 1889; x_wconf 88' lang='lat' dir='ltr'><strong>S.</strong></span> 
     </span>
    </p>
   </div>
   <div class='ocr_carea' id='block_1_6' title="bbox 337 1958 1398 2009">
    <p class='ocr_par' dir='ltr' id='par_1_7' title="bbox 337 1958 1398 2009">
     <span class='ocr_line' id='line_1_28' title="bbox 337 1958 1398 2009; baseline 0 -12"><span class='ocrx_word' id='word_1_189' title='bbox 337 1958 596 1998; x_wconf 87' lang='lat' dir='ltr'><strong>Commodum</strong></span> <span class='ocrx_word' id='word_1_190' title='bbox 614 1960 830 1999; x_wconf 84' lang='lat' dir='ltr'><strong>discesseras</strong></span> <span class='ocrx_word' id='word_1_191' title='bbox 847 1960 943 2009; x_wconf 88' lang='lat' dir='ltr'><strong>heri,</strong></span> <span class='ocrx_word' id='word_1_192' title='bbox 957 1973 1045 2000; x_wconf 90' lang='lat' dir='ltr'><strong>cum</strong></span> <span class='ocrx_word' id='word_1_193' title='bbox 1061 1958 1267 1999; x_wconf 85' lang='lat' dir='ltr'><strong>Trebatius</strong></span> <span class='ocrx_word' id='word_1_194' title='bbox 1279 1958 1398 2008; x_wconf 86' lang='lat' dir='ltr'><strong>venit,</strong></span> 
     </span>
    </p>
   </div>
   <div class='ocr_carea' id='block_1_7' title="bbox 283 2012 1464 2066">
    <p class='ocr_par' dir='ltr' id='par_1_8' title="bbox 283 2012 1464 2066">
     <span class='ocr_line' id='line_1_29' title="bbox 283 2012 1464 2066; baseline -0.001 -14"><span class='ocrx_word' id='word_1_195' title='bbox 283 2013 400 2065; x_wconf 88' lang='lat' dir='ltr'><strong>paulo</strong></span> <span class='ocrx_word' id='word_1_196' title='bbox 428 2022 514 2065; x_wconf 91' lang='lat' dir='ltr'><strong>post</strong></span> <span class='ocrx_word' id='word_1_197' title='bbox 533 2012 691 2053; x_wconf 83' lang='lat' dir='ltr'><strong>Curtius</strong></span> <span class='ocrx_word' id='word_1_198' title='bbox 719 2015 798 2066; x_wconf 90' lang='lat' dir='ltr'><strong>(hic</strong></span> <span class='ocrx_word' id='word_1_199' title='bbox 821 2015 1009 2053; x_wconf 81' lang='lat' dir='ltr'><strong>salutandi</strong></span> <span class='ocrx_word' id='word_1_200' title='bbox 1031 2012 1170 2061; x_wconf 63' lang='lat' dir='ltr'><strong>caus53</strong></span> <span class='ocrx_word' id='word_1_201' title='bbox 1201 2013 1265 2053; x_wconf 83' lang='lat' dir='ltr'><strong>sed</strong></span> <span class='ocrx_word' id='word_1_202' title='bbox 1289 2025 1398 2052; x_wconf 87' lang='lat' dir='ltr'><strong>man-</strong></span> <span class='ocrx_word' id='word_1_203' title='bbox 1456 2018 1464 2032; x_wconf 87' lang='lat'><strong><em>¹</em></strong></span> 
     </span>
    </p>
   </div>
   <div class='ocr_carea' id='block_1_8' title="bbox 282 2066 1399 2278">
    <p class='ocr_par' dir='ltr' id='par_1_9' title="bbox 282 2066 1399 2278">
     <span class='ocr_line' id='line_1_30' title="bbox 283 2066 1399 2117; baseline -0.001 -11"><span class='ocrx_word' id='word_1_204' title='bbox 283 2068 332 2107; x_wconf 85' lang='lat' dir='ltr'><strong>sit</strong></span> <span class='ocrx_word' id='word_1_205' title='bbox 349 2067 529 2106; x_wconf 80' lang='lat' dir='ltr'><strong>invitatus</strong></span> <span class='ocrx_word' id='word_1_206' title='bbox 543 2082 555 2114; x_wconf 76' lang='grc' dir='ltr'><strong>ς</strong></span> <span class='ocrx_word' id='word_1_207' title='bbox 585 2066 811 2107; x_wconf 87' lang='lat' dir='ltr'><strong>Trebatium</strong></span> <span class='ocrx_word' id='word_1_208' title='bbox 822 2069 1020 2108; x_wconf 84' lang='lat' dir='ltr'><strong>nobiscum</strong></span> <span class='ocrx_word' id='word_1_209' title='bbox 1039 2069 1242 2117; x_wconf 84' lang='lat' dir='ltr'><strong>habemus)</strong></span> <span class='ocrx_word' id='word_1_210' title='bbox 1256 2081 1269 2113; x_wconf 89' lang='lat'><strong>;</strong></span> <span class='ocrx_word' id='word_1_211' title='bbox 1285 2066 1399 2105; x_wconf 86' lang='lat' dir='ltr'><strong>hodie</strong></span> 
     </span>
     <span class='ocr_line' id='line_1_31' title="bbox 282 2120 1394 2161; baseline -0.001 -1"><span class='ocrx_word' id='word_1_212' title='bbox 282 2134 397 2160; x_wconf 87' lang='lat' dir='ltr'><strong>mane</strong></span> <span class='ocrx_word' id='word_1_213' title='bbox 422 2121 636 2160; x_wconf 88' lang='lat' dir='ltr'><strong>Dolabella.</strong></span> <span class='ocrx_word' id='word_1_214' title='bbox 674 2122 828 2161; x_wconf 87' lang='lat' dir='ltr'><strong>Multus</strong></span> <span class='ocrx_word' id='word_1_215' title='bbox 853 2136 975 2161; x_wconf 88' lang='lat' dir='ltr'><strong>sermo</strong></span> <span class='ocrx_word' id='word_1_216' title='bbox 1000 2122 1049 2160; x_wconf 77' lang='lat' dir='ltr'><strong>ad</strong></span> <span class='ocrx_word' id='word_1_217' title='bbox 1077 2122 1245 2161; x_wconf 88' lang='lat' dir='ltr'><strong>multum</strong></span> <span class='ocrx_word' id='word_1_218' title='bbox 1264 2120 1367 2159; x_wconf 87' lang='lat' dir='ltr'><strong>diem</strong></span> <span class='ocrx_word' id='word_1_219' title='bbox 1381 2134 1394 2159; x_wconf 71' lang='lat' dir='ltr'>t</span> 
     </span>
     <span class='ocr_line' id='line_1_32' title="bbox 283 2175 1397 2227; baseline -0.003 -14"><span class='ocrx_word' id='word_1_220' title='bbox 283 2175 381 2213; x_wconf 79' lang='lat' dir='ltr'><strong>nihil</strong></span> <span class='ocrx_word' id='word_1_221' title='bbox 391 2187 546 2226; x_wconf 88' lang='lat' dir='ltr'><strong>possum</strong></span> <span class='ocrx_word' id='word_1_222' title='bbox 557 2176 678 2215; x_wconf 78' lang='lat' dir='ltr'><strong>dicere</strong></span> <span class='ocrx_word' id='word_1_223' title='bbox 686 2191 950 2226; x_wconf 69' lang='grc' dir='ltr'><em>εκτενεστερον,</em></span> <span class='ocrx_word' id='word_1_224' title='bbox 958 2176 1055 2214; x_wconf 81' lang='lat' dir='ltr'><strong>nihi]</strong></span> <span class='ocrx_word' id='word_1_225' title='bbox 1063 2183 1397 2227; x_wconf 65' lang='grc' dir='ltr'><strong><em>φιλοστοργοτερον.</em></strong></span> 
     </span>
     <span class='ocr_line' id='line_1_33' title="bbox 286 2228 1398 2278; baseline -0.004 -11"><span class='ocrx_word' id='word_1_226' title='bbox 286 2230 460 2268; x_wconf 87' lang='lat' dir='ltr'><strong>Ventum</strong></span> <span class='ocrx_word' id='word_1_227' title='bbox 479 2238 535 2268; x_wconf 88' lang='lat' dir='ltr'><strong>est</strong></span> <span class='ocrx_word' id='word_1_228' title='bbox 554 2237 681 2268; x_wconf 81' lang='lat' dir='ltr'><strong>tamen</strong></span> <span class='ocrx_word' id='word_1_229' title='bbox 701 2230 749 2268; x_wconf 87' lang='lat' dir='ltr'><strong>ad</strong></span> <span class='ocrx_word' id='word_1_230' title='bbox 765 2230 979 2278; x_wconf 87' lang='lat' dir='ltr'><strong>Quintum:</strong></span> <span class='ocrx_word' id='word_1_231' title='bbox 1010 2230 1133 2268; x_wconf 86' lang='lat' dir='ltr'><strong>multa</strong></span> <span class='ocrx_word' id='word_1_232' title='bbox 1146 2237 1288 2278; x_wconf 76' lang='grc' dir='ltr'><strong><em>αφατα,</em></strong></span> <span class='ocrx_word' id='word_1_233' title='bbox 1303 2228 1398 2270; x_wconf 57' lang='lat' dir='ltr'><strong><em>«San-</em></strong></span> 
     </span>
    </p>
   </div>
  </div>
 </body>
</html>
