1498 2401
110 128 132 146 ·
309 113 393 153 AD
421 113 474 163 Q.
498 113 793 154 FRATREM.
823 113 926 152 L113.
946 112 1009 153 11.
1042 114 1077 152 1.
1174 112 1254 157 297

134 220 194 260 hil
212 232 260 260 ex
277 222 415 260 nostris
432 222 644 261 actionibus
667 221 920 274 praetermisit.
957 221 1135 260 Fuerunt
1157 231 1255 260 non-

135 275 236 314 nulli
248 276 399 314 aculei
388 288 429 313 111
449 277 494 315 C.
505 276 709 324 Caesarem,
730 275 999 315 contumeliae
989 288 1030 313 111
1050 274 1251 322 Gellium,
1239 289 1251 298 ·

130 330 455 381 expostulationes
474 343 563 370 cum
582 332 738 369 absente
757 331 955 383 Pompeio.

188 382 315 422 Causa
332 396 412 422 sero
422 384 610 435 perorata,
626 384 830 423 sententias
845 398 885 423 se
895 392 1119 435 rogaturum
1137 396 1255 435 nega-

130 437 202 486 vit,
229 450 279 476 ne
306 438 411 489 quod
443 451 541 477 onus
563 439 768 477 simultatis
797 439 906 477 nobis
931 439 1156 490 imponeret.
1186 439 1254 476 Ex

127 491 371 542 superiorum
400 500 620 544 temporum
644 492 835 541 conviciis,
861 500 899 531 et
928 506 976 530 ex
1001 492 1179 544 praesenti
1203 492 1252 530 si-

131 545 265 594 lentio,
286 546 381 597 quid
406 554 558 585 senatus
580 547 748 594 sentiret,
770 560 808 585 se
832 546 1042 597 intelligere
1061 546 1170 584 dixit.
1201 545 1251 584 In

130 598 199 637 illo
218 600 334 651 coepit-
348 600 548 639 dimittere.
579 601 687 640 Tum
707 600 974 649 Marcellinus,
996 603 1023 622 “
1038 600 1176 649 Noli,”
1191 600 1251 638 in-

131 653 231 704 quit,
253 657 282 676 “
298 667 346 693 63
364 655 622 693 taciturnitate
640 656 784 702 nostra,
809 654 937 706 Lupe,
958 653 1052 706 quid
1071 662 1138 692 aut
1162 668 1250 706 pro-

127 707 265 746 bemus
282 708 355 747 hoc
372 715 558 760 tempore,
570 716 638 748 aut
647 709 923 761 improbemus,
933 708 1116 758 judicare.
1146 708 1250 759 Ego,

130 761 238 813 quod
259 762 308 801 ad
332 775 396 801 me
414 763 563 811 attinet,
592 763 792 825 (idemque
811 763 971 801 arbitror
996 761 1168 812 caeteros)
1189 763 1249 801 id-

126 816 227 854 circo
244 824 363 864 taceo,
379 817 484 868 quod
501 830 579 856 non
598 818 790 866 6315111110,
803 830 894 855 611111
906 817 1116 868 Pompeius
1135 817 1246 866 absit,

123 882 283 908 causam
301 870 384 922 agri
397 871 588 923 Campani
606 872 670 923 agi
688 871 898 910 convenire.
927 871 1038 911 Tum
1054 871 1121 909 ille
1135 884 1176 910 se
1190 885 1255 910 se·-

124 931 262 963 natum
280 925 435 976 negavit
460 932 598 965 tenere.
633 926 807 965 Racilius
826 925 1003 973 surrexit,
1024 934 1062 964 et
1079 925 1127 964 de
1141 925 1248 975 judi-

125 978 194 1017 ciis
211 978 349 1017 referre
367 979 537 1031 coepitr
522 981 796 1019 Marcellinum
815 979 973 1031 quidem
991 979 1163 1031 primum
1185 993 1248 1018 ro-

123 1032 241 1083 gavit.
272 1033 314 1071 Is
339 1046 428 1072 cum
453 1035 618 1085 graviter
635 1034 682 1072 de
701 1033 897 1073 Clodianis
913 1033 1112 1081 incendiis,
1131 1034 1249 1072 truci-

123 1086 354 1136 dationibus,
373 1087 685 1139 lapidationibus,
713 1096 871 1140 questus
890 1095 1000 1135 esset,
1021 1088 1248 1126 sententiam

121 1139 237 1190 dixit,
256 1149 302 1180 ut
319 1142 400 1193 ipse
415 1143 563 1192 judices
580 1156 649 1194 per
666 1150 867 1194 praetorem
885 1143 1079 1180 urbanum
1098 1142 1248 1181 sortire-

123 1201 212 1240 tur3
239 1195 417 1244 judicum
443 1197 637 1235 sortitione
660 1197 776 1244 facta,
805 1195 960 1235 comitia
988 1196 1246 1235 haberentur·
1250 1215 1255 1219 ·

122 1248 193 1300 qui
215 1249 361 1298 judicia
388 1251 662 1302 impedivisset,
690 1263 780 1289 eum
809 1259 941 1289 contra
968 1250 1250 1302 rempublicam

124 1315 206 1341 esse
223 1303 429 1342 facturum.

176 1358 409 1409 Approbata
428 1359 539 1398 valde
566 1358 766 1408 sententia,
797 1357 844 1398 C.
865 1358 962 1398 Cato
984 1366 1115 1398 contra
1132 1359 1246 1409 dixit,

121 1418 161 1449 et
178 1411 345 1460 Cassius,
365 1413 540 1452 maxima
558 1414 830 1452 acclamatione
849 1416 1013 1462 senatus,
1033 1426 1122 1452 cum
1143 1427 1247 1452 com-

120 1465 190 1503 itia
214 1466 368 1515 judiciis
397 1467 610 1506 anteferret.
654 1468 862 1519 Philippus
887 1467 1044 1506 assensit
1063 1468 1246 1506 Lentulo.

122 1519 265 1558 Postea
282 1521 456 1559 Racilius
475 1521 523 1560 de
548 1522 706 1573 privatis
730 1535 794 1560 me
821 1521 992 1573 primum
1019 1522 1246 1560 sententiam

120 1574 280 1625 rogavit.
309 1574 444 1613 Multa
461 1576 533 1614 feci
547 1590 569 1614 v
572 1578 662 1615 erba
680 1576 727 1614 de
741 1584 820 1615 toto
831 1576 958 1615 furore
972 1576 1248 1628 latrocinioque

121 1627 179 1665 P.
198 1628 351 1666 Clodii.
383 1642 488 1678 eum,
518 1638 718 1682 tamquam
741 1643 866 1679 reum,
898 1643 1056 1668 accusav
1057 1630 1085 1677 i,
1111 1631 1257 1669 multis*

119 1689 158 1720 et
176 1683 349 1724 5661111615
368 1683 788 1723 admurmurationibus
804 1684 931 1723 cuncti
949 1687 1114 1723 senatus.
1144 1684 1246 1723 Ora-

117 1735 263 1774 tionem
293 1749 423 1776 meam
453 1738 682 1777 collaudavit
711 1739 801 1777 satis
830 1738 964 1776 multis
993 1739 1132 1786 verbis,
1166 1751 1246 1777 non

120 1789 372 1841 (mehercule)
399 1792 591 1842 indiserte,
623 1793 784 1832 Severus
802 1792 1022 1830 Antistius.
1053 1793 1164 1844 isque
1178 1795 1245 1843 ju-

116 1843 306 1882 diciorum
324 1858 478 1884 causam
507 1847 685 1908 suscepit,
710 1846 1096 1907 antiquissimamque
1115 1860 1156 1885 se
1174 1847 1246 1886 ha-

116 1898 292 1936 biturum
310 1899 420 1938 dixit.
450 1900 610 1938 Ibatur'
600 1913 641 1938 m
660 1914 746 1939 eam
761 1900 1000 1939 sententiam.
1030 1901 1140 1938 Tum
1153 1901 1245 1940 Clo.

116 1951 203 1990 dius
221 1960 392 2003 rogatus,
412 1953 516 1992 diem
530 1954 689 1993 dicendo
709 1955 876 1993 eximere
895 1954 1024 2006 coepit.
1054 1954 1088 1992 F
1089 1957 1242 2005 urebat,

115 2019 140 2044 a
171 2006 324 2045 Racilio
361 2021 400 2046 se
436 2009 710 2047 contumaciter
745 2009 1010 2060 inurbaneque
1043 2016 1240 2048 vexatum.

115 2059 269 2099 Deinde
288 2062 371 2110 ejus
389 2074 515 2123 operae
533 2070 689 2115 repente
707 2076 731 2102 a
758 2062 986 2101 Graecostasi
1004 2070 1042 2100 et
1060 2063 1243 2113 gradibus

113 2114 320 2153 clamorem
342 2116 433 2154 satis
458 2129 649 2178 magnum
676 2117 928 2164 sustulerunt,
956 2115 1089 2168 opinor
1116 2116 1158 2155 in
1185 2117 1240 2166 Q.

108 2168 318 2207 Sextilium
340 2177 378 2208 et
403 2170 546 2210 amicos
567 2171 732 2210 Milonis
757 2171 935 2210 incitata>
965 2169 1027 2208 Eo
1052 2179 1161 2209 metu
1178 2171 1240 2210 in-

105 2221 221 2273 jecto,
241 2231 410 2276 repente,
430 2223 573 2278 magna
599 2224 840 2278 querimonia
857 2223 1048 2274 omnium,
1068 2224 1239 2266 (bscessi-
