1513 2370
369 89 458 131 AD
481 88 778 131 ATTICUM.
807 89 908 129 Lm.
930 89 1032 130 XII.
1058 91 1126 131 36.
1244 93 1321 132 125

182 199 292 240 video
308 198 381 239 tibi
398 199 562 252 placere.
604 199 701 239 Cras
726 199 847 251 igitur
875 200 917 238 in
943 200 1040 240 Sicae
1069 202 1317 241 suburbano:

178 254 271 348 ifnde
289 254 642 307 (quemadmodum
666 253 824 305 suades)
853 262 949 308 puto
977 268 1042 295 me
1063 256 1104 293 in
1124 255 1322 296 Ficulensi

199 322 392 412 or&uibus
410 363 459 404 de
477 365 592 403 rebus
624 363 675 403 ad
703 376 769 403 me
794 363 992 416 scripsisti,
1017 364 1202 417 quoniam
1236 366 1320 418 ipse

181 418 307 467 venio,
327 431 456 458 coram
475 419 705 458 videbimus.
737 420 871 458 Tuam
892 420 1066 472 quidem,
1083 429 1120 458 et
1139 420 1179 458 in
1200 434 1319 472 agen-

181 473 241 512 dis
254 473 392 512 nostris
404 475 533 521 rebus,
549 481 587 513 et
600 474 642 512 in
657 474 824 513 consiliis
837 474 1016 513 ineundis
1031 475 1207 526 mihique
1222 476 1318 514 dan-

183 583 370 635 gentiam,
389 583 653 636 prudentiam,
675 583 837 623 mirifice
856 583 988 637 diligo.

405 742 522 796 (35.)
553 740 770 784 CICERO
801 741 1015 783 ATTICO
1048 744 1088 782 S.

241 853 307 893 Tu
323 859 468 902 tamen,
489 851 521 891 si
539 852 635 904 quid
649 865 739 893 cum
758 852 868 902 Silio,
888 854 946 892 ve]
967 853 1035 892 illo
1054 853 1138 905 ipso
1157 853 1220 892 die
1237 867 1317 905 quo

183 907 235 947 ad
253 908 382 948 Sicam
400 914 586 947 venturus
605 921 681 954 ero,
704 908 902 946 certiorem
929 921 1006 954 me,
1027 909 1159 957 velim,
1182 908 1313 957 facias,

183 970 220 1002 et
234 963 420 1010 maxime,
434 963 546 1012 cujus
565 962 639 1001 loci
657 962 931 1001 detractionem
950 962 1033 1001 fieri
1050 963 1156 1001 velit.
1195 963 1315 1012 Quod

181 1017 288 1057 enim
316 1017 461 1066 scribis,
493 1019 522 1040 “
537 1017 744 1065 extremi,''
765 1017 866 1065 vide,
897 1030 946 1056 ne
964 1018 997 1056 is
1022 1018 1104 1069 ipse
1122 1018 1229 1057 locus
1248 1018 1312 1068 sit,

181 1073 294 1122 cujus
322 1072 452 1120 causa,
480 1071 529 1110 de
551 1072 632 1110 tota
650 1085 691 1111 re
712 1072 775 1124 (ut
794 1070 885 1122 scis)
913 1079 970 1111 est
1000 1085 1023 1110 a
1041 1072 1152 1111 nobis
1170 1073 1315 1124 cogita-

179 1134 278 1166 tum.
310 1126 433 1165 Hirtii
461 1126 664 1178 epistolam
683 1126 754 1166 tibi
772 1126 876 1175 misi,
897 1134 935 1166 et
952 1135 1159 1182 recentem,
1189 1135 1228 1166 et
1246 1129 1314 1167 be-

179 1182 315 1220 nevole
334 1181 527 1233 scriptam.

232 1236 463 1288 Antequam
481 1249 505 1274 a
530 1242 568 1274 te
585 1236 763 1287 proxime
781 1236 948 1285 discessi,
977 1249 1182 1289 nunquam
1212 1237 1312 1276 mihi

175 1290 281 1330 venit
297 1290 339 1328 in
357 1298 544 1338 mentem,
566 1303 644 1342 quo
663 1290 753 1342 plus
773 1290 991 1330 insumtum
1020 1292 1062 1330 in
1090 1291 1312 1331 monimen-

176 1352 262 1384 tum
281 1352 392 1394 esset,
413 1357 534 1398 quam
553 1344 679 1384 nescio
698 1345 808 1398 quid,
829 1345 935 1397 quod
959 1345 1045 1397 lege
1075 1346 1311 1395 conceditur,

176 1400 421 1439 tantumdem
439 1399 586 1452 populo
612 1399 786 1438 dandum
806 1413 909 1439 esse:
941 1400 1047 1452 quod
1065 1413 1144 1439 11011
1167 1413 1312 1453 magno

175 1467 290 1507 opere
307 1463 493 1503 moveret,
519 1454 594 1493 nisi
613 1455 760 1516 (nescio
782 1455 992 1507 quomodo,
1014 1463 1155 1501 αλογως
1173 1455 1312 1495 fortas-

176 1517 235 1558 se)
254 1510 399 1549 nollem
425 1509 525 1548 illud
555 1509 637 1548 ullo
655 1509 827 1559 nomine,
861 1510 937 1549 nisi
968 1509 1064 1559 fani,
1095 1510 1309 1562 appellari.

176 1564 284 1617 quod
303 1564 335 1604 si
353 1565 549 1613 volumus,
580 1577 726 1613 vereor,
746 1577 795 1603 ne
819 1564 973 1618 assequi
996 1577 1075 1604 non
1104 1565 1311 1617 possimus,

175 1619 251 1658 nisi
269 1626 420 1658 mutato
443 1620 541 1659 loco.
583 1619 672 1658 Hoc
690 1620 807 1672 quale
832 1620 895 1669 sit,
915 1633 1060 1682 quaeso,
1082 1620 1308 1660 considera.

178 1686 334 1724 nam,e
313 1674 383 1714 etsi
405 1674 536 1713 minus
562 1687 716 1726 urgeor,
750 1688 892 1727 meque
920 1675 1002 1728 ipse
1027 1675 1312 1727 propemodum

175 1730 338 1781 collegi·
325 1759 339 1776 ,
369 1736 499 1769 tamen
517 1729 672 1781 indigeo
690 1730 749 1769 tui
767 1730 927 1770 consilii.
971 1731 1112 1782 Itaque
1130 1738 1168 1769 te
1197 1730 1311 1770 vehe-

175 1792 325 1824 menter
343 1785 460 1823 etiam
477 1794 594 1838 atque
608 1785 724 1824 etiam
737 1799 844 1837 rogo,
860 1785 985 1838 magis
1000 1798 1120 1837 quam
1132 1798 1156 1823 a
1168 1797 1232 1824 me
1252 1785 1310 1825 vis

175 1846 245 1879 aut
262 1839 404 1892 pateris
425 1847 464 1879 te
481 1839 622 1893 rogari,
641 1847 687 1879 ut
704 1840 806 1880 hanc
828 1840 1098 1893 cogitationem
1121 1847 1202 1880 toto
1219 1854 1310 1894 pec-

176 1903 256 1935 tore
276 1895 521 1947 amplectar-e.

405 2057 523 2111 (36.)
554 2059 769 2101 CICERO
800 2058 1016 2100 ATTICO
1045 2060 1087 2100 s.

228 2167 383 2208 Fanum
413 2168 495 2209 fieri
522 2170 636 2218 volo;
666 2183 793 2224 neque
823 2171 897 2210 hoc
926 2169 1025 2210 mihi
1045 2169 1127 2209 erui
1156 2175 1308 2221 potest:

171 2223 336 2276 sepulcri
374 2223 669 2267 similitudinem
709 2226 893 2279 effugere,
928 2238 1030 2317 non‘5
1040 2232 1121 2264 tam
1156 2229 1311 2277 propter

947 2292 982 2319 M
1005 2305 1017 2317 ι
