<?xml version="1.0" encoding="UTF-8"?>
<!DOCTYPE html PUBLIC "-//W3C//DTD XHTML 1.0 Transitional//EN"
    "http://www.w3.org/TR/xhtml1/DTD/xhtml1-transitional.dtd">
<html xmlns="http://www.w3.org/1999/xhtml" xml:lang="en" lang="en">
 <head>
  <title>
</title>
<meta http-equiv="Content-Type" content="text/html;charset=utf-8" />
  <meta name='ocr-system' content='tesseract 3.04.00' />
  <meta name='ocr-capabilities' content='ocr_page ocr_carea ocr_par ocr_line ocrx_word'/>
</head>
<body>
  <div class='ocr_page' id='page_1' title='image "./operaern11ciceuoft_0159.png"; bbox 0 0 1498 2401; ppageno 0'>
   <div class='ocr_carea' id='block_1_1' title="bbox 285 95 1227 137">
    <p class='ocr_par' dir='ltr' id='par_1_1' title="bbox 285 95 1227 137">
     <span class='ocr_line' id='line_1_1' title="bbox 285 95 1227 137; baseline 0.003 -3"><span class='ocrx_word' id='word_1_1' title='bbox 285 95 370 134; x_wconf 90' lang='lat' dir='ltr'><strong>AD</strong></span> <span class='ocrx_word' id='word_1_2' title='bbox 396 96 681 136; x_wconf 87' lang='lat' dir='ltr'>ATTICUM.</span> <span class='ocrx_word' id='word_1_3' title='bbox 711 97 809 136; x_wconf 82' lang='lat' dir='ltr'><strong>Lm.</strong></span> <span class='ocrx_word' id='word_1_4' title='bbox 832 97 959 136; x_wconf 87' lang='lat' dir='ltr'>XIII.</span> <span class='ocrx_word' id='word_1_5' title='bbox 996 99 1055 136; x_wconf 91' lang='lat'><strong>10.</strong></span> <span class='ocrx_word' id='word_1_6' title='bbox 1154 100 1227 137; x_wconf 74' lang='lat'><strong>145</strong></span> 
     </span>
    </p>
   </div>
   <div class='ocr_carea' id='block_1_2' title="bbox 100 204 1232 1214">
    <p class='ocr_par' dir='ltr' id='par_1_2' title="bbox 107 204 1232 352">
     <span class='ocr_line' id='line_1_2' title="bbox 111 204 1230 257; baseline 0.002 -17"><span class='ocrx_word' id='word_1_7' title='bbox 111 217 232 250; x_wconf 74' lang='lat' dir='ltr'><strong>ynrot:</strong></span> <span class='ocrx_word' id='word_1_8' title='bbox 261 204 327 242; x_wconf 83' lang='lat' dir='ltr'><strong>sed</strong></span> <span class='ocrx_word' id='word_1_9' title='bbox 344 217 468 244; x_wconf 89' lang='lat' dir='ltr'><strong>unum</strong></span> <span class='ocrx_word' id='word_1_10' title='bbox 488 206 691 255; x_wconf 86' lang='lat' dir='ltr'><strong>ejusmodi,</strong></span> <span class='ocrx_word' id='word_1_11' title='bbox 711 206 829 257; x_wconf 85' lang='lat' dir='ltr'><strong>quod,</strong></span> <span class='ocrx_word' id='word_1_12' title='bbox 857 205 930 243; x_wconf 86' lang='lat' dir='ltr'><strong>nisi</strong></span> <span class='ocrx_word' id='word_1_13' title='bbox 955 205 1142 244; x_wconf 71' lang='lat' dir='ltr'><strong>exercitus</strong></span> <span class='ocrx_word' id='word_1_14' title='bbox 1160 205 1230 244; x_wconf 87' lang='lat' dir='ltr'><strong>sci-</strong></span> 
     </span>
     <span class='ocr_line' id='line_1_3' title="bbox 110 259 1232 311; baseline 0.004 -18"><span class='ocrx_word' id='word_1_15' title='bbox 110 262 182 304; x_wconf 87' lang='lat' dir='ltr'><strong>ret,</strong></span> <span class='ocrx_word' id='word_1_16' title='bbox 201 269 278 296; x_wconf 88' lang='lat' dir='ltr'><strong>non</strong></span> <span class='ocrx_word' id='word_1_17' title='bbox 296 259 412 297; x_wconf 89' lang='lat' dir='ltr'><strong>modo</strong></span> <span class='ocrx_word' id='word_1_18' title='bbox 427 259 564 298; x_wconf 87' lang='lat' dir='ltr'><strong>Tironi</strong></span> <span class='ocrx_word' id='word_1_19' title='bbox 578 259 732 307; x_wconf 83' lang='lat' dir='ltr'><strong>dictare,</strong></span> <span class='ocrx_word' id='word_1_20' title='bbox 747 259 812 298; x_wconf 85' lang='lat' dir='ltr'><strong>sed</strong></span> <span class='ocrx_word' id='word_1_21' title='bbox 831 271 879 297; x_wconf 83' lang='lat' dir='ltr'><strong>ne</strong></span> <span class='ocrx_word' id='word_1_22' title='bbox 897 260 979 310; x_wconf 87' lang='lat' dir='ltr'><strong>ipse</strong></span> <span class='ocrx_word' id='word_1_23' title='bbox 994 259 1150 311; x_wconf 85' lang='lat' dir='ltr'><strong>quidem</strong></span> <span class='ocrx_word' id='word_1_24' title='bbox 1163 273 1232 298; x_wconf 82' lang='lat' dir='ltr'><strong>au-</strong></span> 
     </span>
     <span class='ocr_line' id='line_1_4' title="bbox 107 308 743 352; baseline 0.005 -5"><span class='ocrx_word' id='word_1_25' title='bbox 107 308 238 348; x_wconf 84' lang='lat' dir='ltr'><strong>detem</strong></span> <span class='ocrx_word' id='word_1_26' title='bbox 254 312 425 351; x_wconf 85' lang='lat' dir='ltr'><strong>scribere.</strong></span> <span class='ocrx_word' id='word_1_27' title='bbox 455 313 531 352; x_wconf 86' lang='lat' dir='ltr'><strong>Sed</strong></span> <span class='ocrx_word' id='word_1_28' title='bbox 549 314 743 352; x_wconf 87' lang='lat' dir='ltr'><strong>hactenus.</strong></span> 
     </span>
    </p>

    <p class='ocr_par' dir='ltr' id='par_1_3' title="bbox 105 365 1229 631">
     <span class='ocr_line' id='line_1_5' title="bbox 164 365 1228 415; baseline 0.005 -15"><span class='ocrx_word' id='word_1_29' title='bbox 164 369 346 414; x_wconf 73' lang='grc' dir='ltr'><strong>Ευκαιρως</strong></span> <span class='ocrx_word' id='word_1_30' title='bbox 363 367 413 404; x_wconf 89' lang='lat' dir='ltr'><strong>ad</strong></span> <span class='ocrx_word' id='word_1_31' title='bbox 429 380 493 405; x_wconf 89' lang='lat' dir='ltr'><strong>me</strong></span> <span class='ocrx_word' id='word_1_32' title='bbox 512 367 629 415; x_wconf 84' lang='lat' dir='ltr'><strong>venit,</strong></span> <span class='ocrx_word' id='word_1_33' title='bbox 653 380 743 406; x_wconf 85' lang='lat' dir='ltr'><strong>cum</strong></span> <span class='ocrx_word' id='word_1_34' title='bbox 767 366 949 405; x_wconf 85' lang='lat' dir='ltr'><strong>haberem</strong></span> <span class='ocrx_word' id='word_1_35' title='bbox 968 365 1228 413; x_wconf 80' lang='lat' dir='ltr'>Dolabellam,</span> 
     </span>
     <span class='ocr_line' id='line_1_6' title="bbox 108 416 1229 473; baseline 0.004 -19"><span class='ocrx_word' id='word_1_36' title='bbox 108 416 356 469; x_wconf 85' lang='lat' dir='ltr'><strong>Torquatus;</strong></span> <span class='ocrx_word' id='word_1_37' title='bbox 386 421 740 473; x_wconf 84' lang='lat' dir='ltr'><strong>humanissimeque</strong></span> <span class='ocrx_word' id='word_1_38' title='bbox 752 421 969 468; x_wconf 78' lang='lat' dir='ltr'>Dolabella,</span> <span class='ocrx_word' id='word_1_39' title='bbox 987 421 1126 471; x_wconf 82' lang='lat' dir='ltr'><strong>quibus</strong></span> <span class='ocrx_word' id='word_1_40' title='bbox 1147 435 1229 460; x_wconf 82' lang='lat' dir='ltr'><strong>ver-</strong></span> 
     </span>
     <span class='ocr_line' id='line_1_7' title="bbox 105 470 1226 526; baseline 0.004 -17"><span class='ocrx_word' id='word_1_41' title='bbox 105 470 166 509; x_wconf 91' lang='lat' dir='ltr'><strong>bis</strong></span> <span class='ocrx_word' id='word_1_42' title='bbox 196 485 326 511; x_wconf 89' lang='lat' dir='ltr'><strong>secum</strong></span> <span class='ocrx_word' id='word_1_43' title='bbox 362 475 537 526; x_wconf 82' lang='lat' dir='ltr'><strong>egissem,</strong></span> <span class='ocrx_word' id='word_1_44' title='bbox 576 475 751 526; x_wconf 79' lang='lat' dir='ltr'>exposuit</span> <span class='ocrx_word' id='word_1_45' title='bbox 772 490 782 513; x_wconf 75' lang='grc' dir='ltr'><strong><em>ε</em></strong></span> <span class='ocrx_word' id='word_1_46' title='bbox 824 475 1071 513; x_wconf 84' lang='lat' dir='ltr'><strong>commodum</strong></span> <span class='ocrx_word' id='word_1_47' title='bbox 1123 477 1226 514; x_wconf 88' lang='lat' dir='ltr'><strong>enim</strong></span> 
     </span>
     <span class='ocr_line' id='line_1_8' title="bbox 105 527 1229 581; baseline 0.004 -18"><span class='ocrx_word' id='word_1_48' title='bbox 105 537 257 575; x_wconf 87' lang='lat' dir='ltr'>egeram</span> <span class='ocrx_word' id='word_1_49' title='bbox 276 527 587 580; x_wconf 79' lang='lat' dir='ltr'><strong>diligentissime:</strong></span> <span class='ocrx_word' id='word_1_50' title='bbox 619 543 707 581; x_wconf 85' lang='lat' dir='ltr'><strong>quae</strong></span> <span class='ocrx_word' id='word_1_51' title='bbox 725 529 923 580; x_wconf 86' lang='lat' dir='ltr'><strong>diligentia</strong></span> <span class='ocrx_word' id='word_1_52' title='bbox 941 536 1049 579; x_wconf 85' lang='lat' dir='ltr'><strong>grata</strong></span> <span class='ocrx_word' id='word_1_53' title='bbox 1074 536 1130 566; x_wconf 82' lang='lat' dir='ltr'><strong>est</strong></span> <span class='ocrx_word' id='word_1_54' title='bbox 1149 530 1229 568; x_wconf 82' lang='lat' dir='ltr'><strong>visa</strong></span> 
     </span>
     <span class='ocr_line' id='line_1_9' title="bbox 107 577 319 631; baseline 0.014 -15"><span class='ocrx_word' id='word_1_55' title='bbox 107 577 319 631; x_wconf 84' lang='lat' dir='ltr'>Torquato.</span> 
     </span>
    </p>

    <p class='ocr_par' dir='ltr' id='par_1_4' title="bbox 100 632 1229 1214">
     <span class='ocr_line' id='line_1_10' title="bbox 159 632 1227 689; baseline 0.005 -18"><span class='ocrx_word' id='word_1_56' title='bbox 159 632 199 671; x_wconf 93' lang='lat' dir='ltr'>A</span> <span class='ocrx_word' id='word_1_57' title='bbox 213 641 251 672; x_wconf 91' lang='lat' dir='ltr'><strong>te</strong></span> <span class='ocrx_word' id='word_1_58' title='bbox 269 643 460 687; x_wconf 81' lang='lat' dir='ltr'><strong>exspecto,</strong></span> <span class='ocrx_word' id='word_1_59' title='bbox 481 637 514 675; x_wconf 91' lang='lat' dir='ltr'><strong>si</strong></span> <span class='ocrx_word' id='word_1_60' title='bbox 532 638 626 689; x_wconf 87' lang='lat' dir='ltr'><strong>quid</strong></span> <span class='ocrx_word' id='word_1_61' title='bbox 654 638 701 676; x_wconf 86' lang='lat' dir='ltr'><strong>de</strong></span> <span class='ocrx_word' id='word_1_62' title='bbox 719 638 867 676; x_wconf 86' lang='lat' dir='ltr'><strong>Bruto:</strong></span> <span class='ocrx_word' id='word_1_63' title='bbox 899 650 1136 689; x_wconf 88' lang='lat' dir='ltr'><strong>quamquam</strong></span> <span class='ocrx_word' id='word_1_64' title='bbox 1154 638 1227 676; x_wconf 84' lang='lat' dir='ltr'><strong>Ni-</strong></span> 
     </span>
     <span class='ocr_line' id='line_1_11' title="bbox 106 686 1226 743; baseline 0.004 -18"><span class='ocrx_word' id='word_1_65' title='bbox 106 686 182 725; x_wconf 85' lang='lat' dir='ltr'><strong>cias</strong></span> <span class='ocrx_word' id='word_1_66' title='bbox 200 689 414 728; x_wconf 80' lang='lat' dir='ltr'><strong>confectum</strong></span> <span class='ocrx_word' id='word_1_67' title='bbox 432 695 619 742; x_wconf 69' lang='lat' dir='ltr'><strong>putabat,</strong></span> <span class='ocrx_word' id='word_1_68' title='bbox 640 688 715 730; x_wconf 57' lang='lat' dir='ltr'><strong>&#39;sed</strong></span> <span class='ocrx_word' id='word_1_69' title='bbox 733 692 940 730; x_wconf 78' lang='lat' dir='ltr'><strong>divortium</strong></span> <span class='ocrx_word' id='word_1_70' title='bbox 966 704 1043 730; x_wconf 92' lang='lat' dir='ltr'><strong>non</strong></span> <span class='ocrx_word' id='word_1_71' title='bbox 1062 693 1226 743; x_wconf 75' lang='lat' dir='ltr'><strong>probari.</strong></span> 
     </span>
     <span class='ocr_line' id='line_1_12' title="bbox 104 740 1228 797; baseline 0.005 -18"><span class='ocrx_word' id='word_1_72' title='bbox 104 740 197 789; x_wconf 88' lang='lat' dir='ltr'><strong>Quo</strong></span> <span class='ocrx_word' id='word_1_73' title='bbox 211 742 327 781; x_wconf 86' lang='lat' dir='ltr'><strong>etiam</strong></span> <span class='ocrx_word' id='word_1_74' title='bbox 349 745 474 795; x_wconf 81' lang='lat' dir='ltr'><strong>magis</strong></span> <span class='ocrx_word' id='word_1_75' title='bbox 491 746 623 784; x_wconf 84' lang='lat' dir='ltr'><strong>laboro</strong></span> <span class='ocrx_word' id='word_1_76' title='bbox 647 746 764 794; x_wconf 87' lang='lat' dir='ltr'><strong>idem,</strong></span> <span class='ocrx_word' id='word_1_77' title='bbox 786 746 890 797; x_wconf 90' lang='lat' dir='ltr'><strong>quod</strong></span> <span class='ocrx_word' id='word_1_78' title='bbox 910 754 977 784; x_wconf 87' lang='lat' dir='ltr'><strong>tu:</strong></span> <span class='ocrx_word' id='word_1_79' title='bbox 1009 746 1040 783; x_wconf 89' lang='lat' dir='ltr'><strong>si</strong></span> <span class='ocrx_word' id='word_1_80' title='bbox 1059 746 1151 796; x_wconf 81' lang='lat' dir='ltr'><strong>quid</strong></span> <span class='ocrx_word' id='word_1_81' title='bbox 1173 756 1228 785; x_wconf 85' lang='lat' dir='ltr'><strong>est</strong></span> 
     </span>
     <span class='ocr_line' id='line_1_13' title="bbox 104 795 1229 851; baseline 0.004 -19"><span class='ocrx_word' id='word_1_82' title='bbox 104 795 207 833; x_wconf 84' lang='lat' dir='ltr'><strong>enim</strong></span> <span class='ocrx_word' id='word_1_83' title='bbox 226 796 456 845; x_wconf 84' lang='lat' dir='ltr'><strong>offensionis,</strong></span> <span class='ocrx_word' id='word_1_84' title='bbox 476 799 558 838; x_wconf 84' lang='lat' dir='ltr'><strong>haec</strong></span> <span class='ocrx_word' id='word_1_85' title='bbox 575 814 633 839; x_wconf 87' lang='lat' dir='ltr'><strong>res</strong></span> <span class='ocrx_word' id='word_1_86' title='bbox 652 800 796 838; x_wconf 83' lang='lat' dir='ltr'><strong>mederi</strong></span> <span class='ocrx_word' id='word_1_87' title='bbox 815 807 949 851; x_wconf 81' lang='lat' dir='ltr'><strong>potest.</strong></span> <span class='ocrx_word' id='word_1_88' title='bbox 982 800 1087 837; x_wconf 80' lang='lat' dir='ltr'><strong>Mihi</strong></span> <span class='ocrx_word' id='word_1_89' title='bbox 1107 800 1229 851; x_wconf 76' lang='lat' dir='ltr'><strong>Arpi-</strong></span> 
     </span>
     <span class='ocr_line' id='line_1_14' title="bbox 101 851 1228 905; baseline 0.005 -19"><span class='ocrx_word' id='word_1_90' title='bbox 101 861 198 887; x_wconf 91' lang='lat' dir='ltr'><strong>num</strong></span> <span class='ocrx_word' id='word_1_91' title='bbox 218 851 390 890; x_wconf 90' lang='lat' dir='ltr'><strong>eundum</strong></span> <span class='ocrx_word' id='word_1_92' title='bbox 413 860 493 891; x_wconf 82' lang='lat' dir='ltr'><strong>est:</strong></span> <span class='ocrx_word' id='word_1_93' title='bbox 532 867 623 892; x_wconf 83' lang='lat' dir='ltr'><strong>nam</strong></span> <span class='ocrx_word' id='word_1_94' title='bbox 647 861 683 893; x_wconf 87' lang='lat' dir='ltr'><strong>et</strong></span> <span class='ocrx_word' id='word_1_95' title='bbox 711 868 807 905; x_wconf 84' lang='lat' dir='ltr'><strong>opus</strong></span> <span class='ocrx_word' id='word_1_96' title='bbox 833 862 901 901; x_wconf 88' lang='lat' dir='ltr'><strong>est,</strong></span> <span class='ocrx_word' id='word_1_97' title='bbox 923 854 1101 892; x_wconf 80' lang='lat' dir='ltr'><strong>constitui</strong></span> <span class='ocrx_word' id='word_1_98' title='bbox 1119 867 1142 891; x_wconf 89' lang='lat' dir='ltr'><strong>a</strong></span> <span class='ocrx_word' id='word_1_99' title='bbox 1160 867 1228 892; x_wconf 85' lang='lat' dir='ltr'><strong>no-</strong></span> 
     </span>
     <span class='ocr_line' id='line_1_15' title="bbox 100 902 1227 959; baseline 0.005 -19"><span class='ocrx_word' id='word_1_100' title='bbox 100 902 159 942; x_wconf 83' lang='lat' dir='ltr'><strong>bis</strong></span> <span class='ocrx_word' id='word_1_101' title='bbox 177 903 245 942; x_wconf 88' lang='lat' dir='ltr'><strong>illa</strong></span> <span class='ocrx_word' id='word_1_102' title='bbox 258 906 464 956; x_wconf 80' lang='lat' dir='ltr'><strong>praediola3</strong></span> <span class='ocrx_word' id='word_1_103' title='bbox 495 915 532 946; x_wconf 89' lang='lat' dir='ltr'><strong>et</strong></span> <span class='ocrx_word' id='word_1_104' title='bbox 551 921 692 955; x_wconf 88' lang='lat' dir='ltr'><strong>vereor,</strong></span> <span class='ocrx_word' id='word_1_105' title='bbox 712 920 761 945; x_wconf 90' lang='lat' dir='ltr'><strong>ne</strong></span> <span class='ocrx_word' id='word_1_106' title='bbox 780 908 946 946; x_wconf 77' lang='lat' dir='ltr'><strong>exeundi</strong></span> <span class='ocrx_word' id='word_1_107' title='bbox 964 915 1130 959; x_wconf 83' lang='lat' dir='ltr'><strong>potestas</strong></span> <span class='ocrx_word' id='word_1_108' title='bbox 1149 921 1227 946; x_wconf 89' lang='lat' dir='ltr'><strong>non</strong></span> 
     </span>
     <span class='ocr_line' id='line_1_16' title="bbox 102 956 1227 1013; baseline 0.004 -18"><span class='ocrx_word' id='word_1_109' title='bbox 102 956 164 1006; x_wconf 87' lang='lat' dir='ltr'><strong>sit,</strong></span> <span class='ocrx_word' id='word_1_110' title='bbox 180 971 270 996; x_wconf 87' lang='lat' dir='ltr'><strong>eum</strong></span> <span class='ocrx_word' id='word_1_111' title='bbox 286 959 413 998; x_wconf 87' lang='lat' dir='ltr'><strong>Caesar</strong></span> <span class='ocrx_word' id='word_1_112' title='bbox 425 961 591 1000; x_wconf 83' lang='lat' dir='ltr'><strong>venerit:</strong></span> <span class='ocrx_word' id='word_1_113' title='bbox 614 963 661 1000; x_wconf 84' lang='lat' dir='ltr'><strong>de</strong></span> <span class='ocrx_word' id='word_1_114' title='bbox 676 963 784 1011; x_wconf 68' lang='lat' dir='ltr'><strong>cajus</strong></span> <span class='ocrx_word' id='word_1_115' title='bbox 799 962 966 1000; x_wconf 83' lang='lat' dir='ltr'><strong>adventu</strong></span> <span class='ocrx_word' id='word_1_116' title='bbox 980 975 1064 1000; x_wconf 85' lang='lat' dir='ltr'><strong>eam</strong></span> <span class='ocrx_word' id='word_1_117' title='bbox 1079 962 1227 1013; x_wconf 80' lang='lat' dir='ltr'><strong>opinio-</strong></span> 
     </span>
     <span class='ocr_line' id='line_1_17' title="bbox 100 1011 1227 1067; baseline 0.005 -19"><span class='ocrx_word' id='word_1_118' title='bbox 100 1022 189 1049; x_wconf 90' lang='lat' dir='ltr'><strong>nem</strong></span> <span class='ocrx_word' id='word_1_119' title='bbox 210 1011 414 1052; x_wconf 83' lang='lat' dir='ltr'><strong>Dolabella</strong></span> <span class='ocrx_word' id='word_1_120' title='bbox 431 1014 560 1062; x_wconf 87' lang='lat' dir='ltr'><strong>habet,</strong></span> <span class='ocrx_word' id='word_1_121' title='bbox 587 1029 706 1067; x_wconf 83' lang='lat' dir='ltr'><strong>quam</strong></span> <span class='ocrx_word' id='word_1_122' title='bbox 725 1024 768 1053; x_wconf 86' lang='lat' dir='ltr'><strong>tu</strong></span> <span class='ocrx_word' id='word_1_123' title='bbox 788 1017 1044 1065; x_wconf 83' lang='lat' dir='ltr'><strong>conjecturam</strong></span> <span class='ocrx_word' id='word_1_124' title='bbox 1063 1016 1227 1054; x_wconf 79' lang='lat' dir='ltr'><strong>faciebas</strong></span> 
     </span>
     <span class='ocr_line' id='line_1_18' title="bbox 101 1066 1226 1121; baseline 0.004 -18"><span class='ocrx_word' id='word_1_125' title='bbox 101 1078 150 1103; x_wconf 84' lang='lat' dir='ltr'><strong>ex</strong></span> <span class='ocrx_word' id='word_1_126' title='bbox 167 1066 286 1104; x_wconf 81' lang='lat' dir='ltr'><strong>literis</strong></span> <span class='ocrx_word' id='word_1_127' title='bbox 304 1067 496 1107; x_wconf 81' lang='lat' dir='ltr'><strong>Messalae.</strong></span> <span class='ocrx_word' id='word_1_128' title='bbox 527 1069 629 1107; x_wconf 90' lang='lat' dir='ltr'><strong>Cum</strong></span> <span class='ocrx_word' id='word_1_129' title='bbox 649 1070 742 1108; x_wconf 86' lang='lat' dir='ltr'><strong>illuc</strong></span> <span class='ocrx_word' id='word_1_130' title='bbox 759 1082 910 1117; x_wconf 84' lang='lat' dir='ltr'><strong>venero,</strong></span> <span class='ocrx_word' id='word_1_131' title='bbox 927 1070 1226 1121; x_wconf 75' lang='lat' dir='ltr'><strong>intellexeroque</strong></span> 
     </span>
     <span class='ocr_line' id='line_1_19' title="bbox 101 1120 1222 1176; baseline 0.005 -20"><span class='ocrx_word' id='word_1_132' title='bbox 101 1120 197 1170; x_wconf 86' lang='lat' dir='ltr'><strong>quid</strong></span> <span class='ocrx_word' id='word_1_133' title='bbox 224 1122 366 1172; x_wconf 78' lang='lat' dir='ltr'><strong>negotii</strong></span> <span class='ocrx_word' id='word_1_134' title='bbox 391 1123 468 1169; x_wconf 81' lang='lat' dir='ltr'><strong>sit3</strong></span> <span class='ocrx_word' id='word_1_135' title='bbox 497 1130 597 1172; x_wconf 86' lang='lat' dir='ltr'><strong>tum,</strong></span> <span class='ocrx_word' id='word_1_136' title='bbox 619 1124 667 1162; x_wconf 86' lang='lat' dir='ltr'><strong>ad</strong></span> <span class='ocrx_word' id='word_1_137' title='bbox 693 1137 788 1176; x_wconf 87' lang='lat' dir='ltr'><strong>quos</strong></span> <span class='ocrx_word' id='word_1_138' title='bbox 814 1123 893 1163; x_wconf 86' lang='lat' dir='ltr'><strong>dies</strong></span> <span class='ocrx_word' id='word_1_139' title='bbox 919 1124 1109 1162; x_wconf 82' lang='lat' dir='ltr'><strong>rediturus</strong></span> <span class='ocrx_word' id='word_1_140' title='bbox 1135 1124 1222 1172; x_wconf 79' lang='lat' dir='ltr'><strong>sim,</strong></span> 
     </span>
     <span class='ocr_line' id='line_1_20' title="bbox 102 1174 400 1214; baseline 0.01 -3"><span class='ocrx_word' id='word_1_141' title='bbox 102 1174 264 1213; x_wconf 82' lang='lat' dir='ltr'><strong>scribam</strong></span> <span class='ocrx_word' id='word_1_142' title='bbox 283 1175 333 1214; x_wconf 83' lang='lat' dir='ltr'><strong>ad</strong></span> <span class='ocrx_word' id='word_1_143' title='bbox 352 1183 400 1214; x_wconf 85' lang='lat' dir='ltr'><strong>te.</strong></span> 
     </span>
    </p>
   </div>
   <div class='ocr_carea' id='block_1_3' title="bbox 309 1340 1004 1393">
    <p class='ocr_par' dir='ltr' id='par_1_5' title="bbox 309 1340 1004 1393">
     <span class='ocr_line' id='line_1_21' title="bbox 309 1340 1004 1393; baseline 0.003 -13"><span class='ocrx_word' id='word_1_144' title='bbox 309 1340 429 1393; x_wconf 80' lang='grc' dir='ltr'>(ιο.)</span> <span class='ocrx_word' id='word_1_145' title='bbox 463 1340 679 1382; x_wconf 81' lang='lat' dir='ltr'>CICERO</span> <span class='ocrx_word' id='word_1_146' title='bbox 707 1342 932 1382; x_wconf 80' lang='lat' dir='ltr'>ATTICO</span> <span class='ocrx_word' id='word_1_147' title='bbox 964 1345 1004 1382; x_wconf 79' lang='lat' dir='ltr'><strong>s,</strong></span> 
     </span>
    </p>
   </div>
   <div class='ocr_carea' id='block_1_4' title="bbox 43 1449 1221 2314">
    <p class='ocr_par' dir='ltr' id='par_1_6' title="bbox 43 1449 1221 2091">
     <span class='ocr_line' id='line_1_22' title="bbox 150 1449 1218 1504; baseline 0.005 -17"><span class='ocrx_word' id='word_1_148' title='bbox 150 1449 320 1489; x_wconf 85' lang='lat' dir='ltr'><strong>Minime</strong></span> <span class='ocrx_word' id='word_1_149' title='bbox 338 1451 469 1500; x_wconf 77' lang='lat' dir='ltr'><strong>miror,</strong></span> <span class='ocrx_word' id='word_1_150' title='bbox 486 1459 523 1490; x_wconf 84' lang='lat' dir='ltr'><strong>te</strong></span> <span class='ocrx_word' id='word_1_151' title='bbox 542 1459 579 1490; x_wconf 88' lang='lat' dir='ltr'><strong>et</strong></span> <span class='ocrx_word' id='word_1_152' title='bbox 597 1454 762 1504; x_wconf 79' lang='lat' dir='ltr'><strong>graviter</strong></span> <span class='ocrx_word' id='word_1_153' title='bbox 779 1453 876 1492; x_wconf 83' lang='lat' dir='ltr'><strong>ferre</strong></span> <span class='ocrx_word' id='word_1_154' title='bbox 894 1453 941 1491; x_wconf 90' lang='lat' dir='ltr'><strong>de</strong></span> <span class='ocrx_word' id='word_1_155' title='bbox 960 1453 1163 1498; x_wconf 71' lang='lat' dir='ltr'><strong>Marcello,</strong></span> <span class='ocrx_word' id='word_1_156' title='bbox 1185 1463 1218 1492; x_wconf 78' lang='lat' dir='ltr'><strong>ct</strong></span> 
     </span>
     <span class='ocr_line' id='line_1_23' title="bbox 96 1504 1219 1558; baseline 0.004 -17"><span class='ocrx_word' id='word_1_157' title='bbox 96 1504 209 1555; x_wconf 90' lang='lat' dir='ltr'><strong>plura</strong></span> <span class='ocrx_word' id='word_1_158' title='bbox 222 1505 342 1544; x_wconf 85' lang='lat' dir='ltr'><strong>vereri</strong></span> <span class='ocrx_word' id='word_1_159' title='bbox 360 1505 518 1558; x_wconf 85' lang='lat' dir='ltr'><strong>periculi</strong></span> <span class='ocrx_word' id='word_1_160' title='bbox 537 1519 687 1557; x_wconf 81' lang='lat' dir='ltr'><strong>genera.</strong></span> <span class='ocrx_word' id='word_1_161' title='bbox 720 1507 820 1555; x_wconf 80' lang='lat' dir='ltr'><strong>Quis</strong></span> <span class='ocrx_word' id='word_1_162' title='bbox 840 1508 943 1545; x_wconf 85' lang='lat' dir='ltr'><strong>enim</strong></span> <span class='ocrx_word' id='word_1_163' title='bbox 963 1508 1034 1546; x_wconf 85' lang='lat' dir='ltr'><strong>hoc</strong></span> <span class='ocrx_word' id='word_1_164' title='bbox 1053 1508 1219 1553; x_wconf 77' lang='lat' dir='ltr'><strong>timeret,</strong></span> 
     </span>
     <span class='ocr_line' id='line_1_24' title="bbox 43 1557 1221 1613; baseline 0.004 -18"><span class='ocrx_word' id='word_1_165' title='bbox 43 1567 46 1569; x_wconf 88' lang='grc'><strong><em>·</em></strong></span> <span class='ocrx_word' id='word_1_166' title='bbox 95 1557 201 1609; x_wconf 86' lang='lat' dir='ltr'><strong>quod</strong></span> <span class='ocrx_word' id='word_1_167' title='bbox 232 1571 357 1611; x_wconf 90' lang='lat' dir='ltr'><strong>neque</strong></span> <span class='ocrx_word' id='word_1_168' title='bbox 389 1560 575 1598; x_wconf 83' lang='lat' dir='ltr'><strong>acciderat</strong></span> <span class='ocrx_word' id='word_1_169' title='bbox 604 1568 829 1613; x_wconf 34' lang='lat' dir='ltr'><strong>anteaQnec</strong></span> <span class='ocrx_word' id='word_1_170' title='bbox 858 1561 1058 1600; x_wconf 61' lang='lat' dir='ltr'><strong>videbatur</strong></span> <span class='ocrx_word' id='word_1_171' title='bbox 1083 1571 1221 1600; x_wconf 82' lang='lat' dir='ltr'><strong>natura</strong></span> 
     </span>
     <span class='ocr_line' id='line_1_25' title="bbox 94 1612 1218 1666; baseline 0.004 -17"><span class='ocrx_word' id='word_1_172' title='bbox 94 1612 206 1659; x_wconf 82' lang='lat' dir='ltr'><strong>ferre,</strong></span> <span class='ocrx_word' id='word_1_173' title='bbox 233 1620 278 1650; x_wconf 88' lang='lat' dir='ltr'><strong>ut</strong></span> <span class='ocrx_word' id='word_1_174' title='bbox 299 1613 465 1653; x_wconf 84' lang='lat' dir='ltr'><strong>accidere</strong></span> <span class='ocrx_word' id='word_1_175' title='bbox 489 1617 650 1666; x_wconf 77' lang='lat' dir='ltr'><strong>posset?</strong></span> <span class='ocrx_word' id='word_1_176' title='bbox 681 1615 828 1654; x_wconf 85' lang='lat' dir='ltr'><strong>Omnia</strong></span> <span class='ocrx_word' id='word_1_177' title='bbox 855 1616 973 1666; x_wconf 78' lang='lat' dir='ltr'><strong>igitur</strong></span> <span class='ocrx_word' id='word_1_178' title='bbox 999 1617 1218 1654; x_wconf 81' lang='lat' dir='ltr'><strong>metuenda.</strong></span> 
     </span>
     <span class='ocr_line' id='line_1_26' title="bbox 96 1666 1220 1720; baseline 0.004 -16"><span class='ocrx_word' id='word_1_179' title='bbox 96 1666 173 1705; x_wconf 81' lang='lat' dir='ltr'><strong>Sed</strong></span> <span class='ocrx_word' id='word_1_180' title='bbox 195 1666 295 1704; x_wconf 80' lang='lat' dir='ltr'><strong>illud</strong></span> <span class='ocrx_word' id='word_1_181' title='bbox 313 1683 413 1717; x_wconf 67' lang='grc' dir='ltr'><strong>παρα</strong></span> <span class='ocrx_word' id='word_1_182' title='bbox 447 1683 511 1712; x_wconf 83' lang='grc' dir='ltr'><strong>την</strong></span> <span class='ocrx_word' id='word_1_183' title='bbox 542 1672 716 1713; x_wconf 59' lang='lat' dir='ltr'><strong>[cv-optem,</strong></span> <span class='ocrx_word' id='word_1_184' title='bbox 745 1678 789 1707; x_wconf 75' lang='lat' dir='ltr'><strong>tu</strong></span> <span class='ocrx_word' id='word_1_185' title='bbox 807 1670 1029 1720; x_wconf 70' lang='lat' dir='ltr'><strong>praesertim.</strong></span> <span class='ocrx_word' id='word_1_186' title='bbox 1072 1671 1144 1708; x_wconf 69' lang='lat' dir='ltr'><strong>lue</strong></span> <span class='ocrx_word' id='word_1_187' title='bbox 1163 1684 1220 1708; x_wconf 80' lang='lat' dir='ltr'><strong>re-</strong></span> 
     </span>
     <span class='ocr_line' id='line_1_27' title="bbox 95 1720 1220 1776; baseline 0.004 -18"><span class='ocrx_word' id='word_1_188' title='bbox 95 1720 250 1771; x_wconf 91' lang='lat' dir='ltr'><strong>liquum</strong></span> <span class='ocrx_word' id='word_1_189' title='bbox 269 1722 531 1760; x_wconf 86' lang='lat' dir='ltr'><strong>consularem!</strong></span> <span class='ocrx_word' id='word_1_190' title='bbox 564 1722 703 1770; x_wconf 76' lang='lat' dir='ltr'><strong>Quid?</strong></span> <span class='ocrx_word' id='word_1_191' title='bbox 733 1723 801 1761; x_wconf 81' lang='lat' dir='ltr'><strong>tibi</strong></span> <span class='ocrx_word' id='word_1_192' title='bbox 822 1725 975 1762; x_wconf 73' lang='lat' dir='ltr'><strong>Servius</strong></span> <span class='ocrx_word' id='word_1_193' title='bbox 1001 1725 1096 1776; x_wconf 86' lang='lat' dir='ltr'><strong>quid</strong></span> <span class='ocrx_word' id='word_1_194' title='bbox 1115 1725 1220 1762; x_wconf 79' lang='lat' dir='ltr'><strong>vide-</strong></span> 
     </span>
     <span class='ocr_line' id='line_1_28' title="bbox 93 1777 1219 1829; baseline 0.005 -18"><span class='ocrx_word' id='word_1_195' title='bbox 93 1777 189 1826; x_wconf 83' lang='lat' dir='ltr'><strong>tur?</strong></span> <span class='ocrx_word' id='word_1_196' title='bbox 219 1788 456 1827; x_wconf 83' lang='lat' dir='ltr'><strong>quamquam</strong></span> <span class='ocrx_word' id='word_1_197' title='bbox 485 1777 558 1815; x_wconf 88' lang='lat' dir='ltr'><strong>hoc</strong></span> <span class='ocrx_word' id='word_1_198' title='bbox 579 1777 730 1815; x_wconf 82' lang='lat' dir='ltr'><strong>nullam</strong></span> <span class='ocrx_word' id='word_1_199' title='bbox 755 1777 804 1815; x_wconf 84' lang='lat' dir='ltr'><strong>ad</strong></span> <span class='ocrx_word' id='word_1_200' title='bbox 823 1785 971 1829; x_wconf 70' lang='lat' dir='ltr'><strong>partem</strong></span> <span class='ocrx_word' id='word_1_201' title='bbox 992 1779 1093 1817; x_wconf 84' lang='lat' dir='ltr'><strong>valet</strong></span> <span class='ocrx_word' id='word_1_202' title='bbox 1119 1779 1219 1817; x_wconf 83' lang='lat' dir='ltr'><strong>scili-</strong></span> 
     </span>
     <span class='ocr_line' id='line_1_29' title="bbox 94 1829 1217 1882; baseline 0.004 -16"><span class='ocrx_word' id='word_1_203' title='bbox 94 1835 167 1876; x_wconf 85' lang='lat' dir='ltr'><strong>cet,</strong></span> <span class='ocrx_word' id='word_1_204' title='bbox 187 1829 284 1867; x_wconf 87' lang='lat' dir='ltr'><strong>mihi</strong></span> <span class='ocrx_word' id='word_1_205' title='bbox 301 1831 524 1881; x_wconf 85' lang='lat' dir='ltr'><strong>praesertim,</strong></span> <span class='ocrx_word' id='word_1_206' title='bbox 545 1831 614 1882; x_wconf 85' lang='lat' dir='ltr'><strong>qui</strong></span> <span class='ocrx_word' id='word_1_207' title='bbox 631 1843 706 1869; x_wconf 89' lang='lat' dir='ltr'><strong>non</strong></span> <span class='ocrx_word' id='word_1_208' title='bbox 720 1832 851 1870; x_wconf 87' lang='lat' dir='ltr'><strong>minus</strong></span> <span class='ocrx_word' id='word_1_209' title='bbox 864 1834 961 1870; x_wconf 87' lang='lat' dir='ltr'><strong>bene</strong></span> <span class='ocrx_word' id='word_1_210' title='bbox 980 1840 1109 1870; x_wconf 85' lang='lat' dir='ltr'><strong>actum</strong></span> <span class='ocrx_word' id='word_1_211' title='bbox 1128 1846 1217 1870; x_wconf 89' lang='lat' dir='ltr'><strong>cum</strong></span> 
     </span>
     <span class='ocr_line' id='line_1_30' title="bbox 93 1881 1219 1938; baseline 0.004 -17"><span class='ocrx_word' id='word_1_212' title='bbox 93 1881 169 1921; x_wconf 85' lang='lat' dir='ltr'><strong>illis</strong></span> <span class='ocrx_word' id='word_1_213' title='bbox 186 1890 336 1934; x_wconf 91' lang='lat' dir='ltr'><strong>putem.</strong></span> <span class='ocrx_word' id='word_1_214' title='bbox 370 1883 479 1931; x_wconf 87' lang='lat' dir='ltr'><strong>Quid</strong></span> <span class='ocrx_word' id='word_1_215' title='bbox 504 1885 607 1923; x_wconf 88' lang='lat' dir='ltr'><strong>enim</strong></span> <span class='ocrx_word' id='word_1_216' title='bbox 633 1898 766 1924; x_wconf 81' lang='lat' dir='ltr'><strong>sumus</strong></span> <span class='ocrx_word' id='word_1_217' title='bbox 782 1886 800 1922; x_wconf 70' lang='grc' dir='ltr'><strong>’ἓ</strong></span> <span class='ocrx_word' id='word_1_218' title='bbox 829 1894 895 1924; x_wconf 84' lang='lat' dir='ltr'><strong>aut</strong></span> <span class='ocrx_word' id='word_1_219' title='bbox 921 1887 1016 1937; x_wconf 89' lang='lat' dir='ltr'><strong>quid</strong></span> <span class='ocrx_word' id='word_1_220' title='bbox 1035 1900 1114 1925; x_wconf 83' lang='lat' dir='ltr'><strong>esse</strong></span> <span class='ocrx_word' id='word_1_221' title='bbox 1132 1900 1219 1938; x_wconf 85' lang='lat' dir='ltr'><strong>pos-</strong></span> 
     </span>
     <span class='ocr_line' id='line_1_31' title="bbox 93 1937 1219 1988; baseline 0.004 -14"><span class='ocrx_word' id='word_1_222' title='bbox 93 1949 228 1975; x_wconf 88' lang='lat' dir='ltr'><strong>sumus</strong></span> <span class='ocrx_word' id='word_1_223' title='bbox 243 1940 261 1976; x_wconf 77' lang='lat'><strong>¹?</strong></span> <span class='ocrx_word' id='word_1_224' title='bbox 290 1937 478 1987; x_wconf 88' lang='lat' dir='ltr'><strong>domi-ne,</strong></span> <span class='ocrx_word' id='word_1_225' title='bbox 498 1951 547 1976; x_wconf 86' lang='lat' dir='ltr'><strong>an</strong></span> <span class='ocrx_word' id='word_1_226' title='bbox 567 1940 688 1979; x_wconf 81' lang='lat' dir='ltr'><strong>foris?</strong></span> <span class='ocrx_word' id='word_1_227' title='bbox 718 1939 837 1988; x_wconf 81' lang='lat' dir='ltr'><strong>Quod</strong></span> <span class='ocrx_word' id='word_1_228' title='bbox 856 1940 929 1978; x_wconf 74' lang='lat' dir='ltr'><strong>nisi</strong></span> <span class='ocrx_word' id='word_1_229' title='bbox 947 1940 1044 1978; x_wconf 85' lang='lat' dir='ltr'><strong>mihi</strong></span> <span class='ocrx_word' id='word_1_230' title='bbox 1063 1941 1136 1979; x_wconf 87' lang='lat' dir='ltr'><strong>hoe</strong></span> <span class='ocrx_word' id='word_1_231' title='bbox 1155 1954 1219 1979; x_wconf 83' lang='lat' dir='ltr'><strong>ve-</strong></span> 
     </span>
     <span class='ocr_line' id='line_1_32' title="bbox 93 1990 1218 2046; baseline 0.003 -18"><span class='ocrx_word' id='word_1_232' title='bbox 93 1990 210 2029; x_wconf 87' lang='lat' dir='ltr'><strong>nisset</strong></span> <span class='ocrx_word' id='word_1_233' title='bbox 227 1991 268 2029; x_wconf 89' lang='lat' dir='ltr'><strong>in</strong></span> <span class='ocrx_word' id='word_1_234' title='bbox 285 1999 471 2041; x_wconf 82' lang='lat' dir='ltr'><strong>mentem,</strong></span> <span class='ocrx_word' id='word_1_235' title='bbox 494 1993 654 2032; x_wconf 80' lang='lat' dir='ltr'><strong>scribere</strong></span> <span class='ocrx_word' id='word_1_236' title='bbox 672 1995 746 2032; x_wconf 86' lang='lat' dir='ltr'><strong>ista</strong></span> <span class='ocrx_word' id='word_1_237' title='bbox 764 1994 888 2032; x_wconf 81' lang='lat' dir='ltr'><strong>nescio</strong></span> <span class='ocrx_word' id='word_1_238' title='bbox 908 1993 1009 2046; x_wconf 74' lang='lat' dir='ltr'><strong>quae,</strong></span> <span class='ocrx_word' id='word_1_239' title='bbox 1037 2008 1115 2046; x_wconf 92' lang='lat' dir='ltr'><strong>quo</strong></span> <span class='ocrx_word' id='word_1_240' title='bbox 1134 2008 1218 2033; x_wconf 77' lang='lat' dir='ltr'><strong>ver-</strong></span> 
     </span>
     <span class='ocr_line' id='line_1_33' title="bbox 93 2046 619 2091; baseline 0.002 -9"><span class='ocrx_word' id='word_1_241' title='bbox 93 2051 213 2083; x_wconf 82' lang='lat' dir='ltr'><strong>terem</strong></span> <span class='ocrx_word' id='word_1_242' title='bbox 232 2058 310 2091; x_wconf 90' lang='lat' dir='ltr'><strong>me,</strong></span> <span class='ocrx_word' id='word_1_243' title='bbox 329 2058 408 2084; x_wconf 90' lang='lat' dir='ltr'><strong>non</strong></span> <span class='ocrx_word' id='word_1_244' title='bbox 426 2046 619 2085; x_wconf 89' lang='lat' dir='ltr'><strong>haberem.</strong></span> 
     </span>
    </p>

    <p class='ocr_par' dir='ltr' id='par_1_7' title="bbox 93 2099 1219 2262">
     <span class='ocr_line' id='line_1_34' title="bbox 147 2099 1216 2154; baseline 0 -15"><span class='ocrx_word' id='word_1_245' title='bbox 147 2099 216 2139; x_wconf 86' lang='lat' dir='ltr'><strong>Ad</strong></span> <span class='ocrx_word' id='word_1_246' title='bbox 243 2100 503 2149; x_wconf 82' lang='lat' dir='ltr'><strong>Dolabellam,</strong></span> <span class='ocrx_word' id='word_1_247' title='bbox 532 2109 577 2139; x_wconf 87' lang='lat' dir='ltr'><strong>ut</strong></span> <span class='ocrx_word' id='word_1_248' title='bbox 604 2103 748 2151; x_wconf 79' lang='lat' dir='ltr'><strong>scribis,</strong></span> <span class='ocrx_word' id='word_1_249' title='bbox 778 2103 833 2141; x_wconf 85' lang='lat' dir='ltr'><strong>ita</strong></span> <span class='ocrx_word' id='word_1_250' title='bbox 861 2110 956 2154; x_wconf 89' lang='lat' dir='ltr'><strong>puto</strong></span> <span class='ocrx_word' id='word_1_251' title='bbox 982 2102 1216 2150; x_wconf 80' lang='lat' dir='ltr'><strong>faciendum,</strong></span> 
     </span>
     <span class='ocr_line' id='line_1_35' title="bbox 95 2154 1219 2206; baseline 0.002 -14"><span class='ocrx_word' id='word_1_252' title='bbox 95 2169 276 2203; x_wconf 72' lang='grc' dir='ltr'><strong><em>κοινοτερα</em></strong></span> <span class='ocrx_word' id='word_1_253' title='bbox 296 2154 489 2206; x_wconf 84' lang='lat' dir='ltr'><strong>quaedam,</strong></span> <span class='ocrx_word' id='word_1_254' title='bbox 506 2164 544 2193; x_wconf 87' lang='lat' dir='ltr'><strong>et</strong></span> <span class='ocrx_word' id='word_1_255' title='bbox 558 2164 839 2206; x_wconf 57' lang='lat' dir='ltr'><strong>mmwxmrsfoe.</strong></span> <span class='ocrx_word' id='word_1_256' title='bbox 870 2156 1107 2195; x_wconf 84' lang='lat' dir='ltr'><strong>Faciendum</strong></span> <span class='ocrx_word' id='word_1_257' title='bbox 1120 2165 1219 2194; x_wconf 88' lang='lat' dir='ltr'><strong>certe</strong></span> 
     </span>
     <span class='ocr_line' id='line_1_36' title="bbox 93 2207 1218 2262; baseline 0.001 -15"><span class='ocrx_word' id='word_1_258' title='bbox 93 2207 240 2261; x_wconf 87' lang='lat' dir='ltr'><strong>aliquid</strong></span> <span class='ocrx_word' id='word_1_259' title='bbox 258 2215 338 2246; x_wconf 87' lang='lat' dir='ltr'><strong>est:</strong></span> <span class='ocrx_word' id='word_1_260' title='bbox 370 2208 480 2247; x_wconf 86' lang='lat' dir='ltr'><strong>valde</strong></span> <span class='ocrx_word' id='word_1_261' title='bbox 507 2209 609 2248; x_wconf 87' lang='lat' dir='ltr'><strong>enim</strong></span> <span class='ocrx_word' id='word_1_262' title='bbox 636 2210 836 2249; x_wconf 81' lang='lat' dir='ltr'><strong>desiderat.</strong></span> <span class='ocrx_word' id='word_1_263' title='bbox 877 2211 1024 2249; x_wconf 82' lang='lat' dir='ltr'><strong>Brutus</strong></span> <span class='ocrx_word' id='word_1_264' title='bbox 1052 2211 1081 2249; x_wconf 82' lang='lat' dir='ltr'><strong>si</strong></span> <span class='ocrx_word' id='word_1_265' title='bbox 1109 2211 1218 2262; x_wconf 82' lang='lat' dir='ltr'><strong>quid,</strong></span> 
     </span>
    </p>

    <p class='ocr_par' dir='ltr' id='par_1_8' title="bbox 139 2264 942 2314">
     <span class='ocr_line' id='line_1_37' title="bbox 139 2264 942 2314; baseline 0 -13"><span class='ocrx_word' id='word_1_266' title='bbox 139 2264 306 2314; x_wconf 72' lang='lat' dir='ltr'><strong>(Epist.)</strong></span> <span class='ocrx_word' id='word_1_267' title='bbox 328 2273 433 2302; x_wconf 75' lang='lat' dir='ltr'>VOL.</span> <span class='ocrx_word' id='word_1_268' title='bbox 466 2274 538 2302; x_wconf 84' lang='lat'>111.</span> <span class='ocrx_word' id='word_1_269' title='bbox 917 2276 942 2301; x_wconf 91' lang='lat' dir='ltr'><strong>o</strong></span> 
     </span>
    </p>
   </div>
  </div>
 </body>
</html>
