1498 2401
326 116 406 155 AD
427 117 482 166 Q.
510 118 808 157 FRATREM.
827 117 942 159 Lm.
969 117 1030 157 ΙΙ.
1062 118 1102 156 4.
1195 117 1276 155 303

329 245 418 300 (4.)
455 247 695 289 MARCUS
725 249 776 297 Q.
804 248 1029 287 FRATRI
1059 249 1099 287 s.
1128 249 1130 252 ’

207 356 531 407 (Argumentum.
545 380 597 386 —
611 357 673 396 De
697 358 829 396 Sextio
848 358 1037 404 absoluto,
1059 364 1097 395 et
1117 355 1278 395 Vatinio

153 411 194 449 in
209 411 355 461 judicio
370 412 554 452 Sextiano
569 421 720 461 vexato,
735 412 896 465 aliisque
915 411 1131 451 domesticis
1149 412 1278 460 rebus,

149 465 351 505 certiorem
369 466 491 515 facit.)
1236 472 1240 475 '

207 596 362 635 Sextius
370 604 497 636 noster
508 596 705 636 absolutus
717 604 774 635 est
787 611 823 636 a.
834 596 872 635 d.
884 596 930 636 II
952 595 1012 635 Id.
1023 595 1189 634 Martias
1199 609 1211 632 ε
1228 601 1280 641 et,

154 650 260 703 quod
278 651 524 690 vehementer
541 651 718 690 interfuit
735 651 968 704 reipublicae,
988 650 1138 688 nullam
1160 649 1282 688 videri

152 705 194 744 in
208 706 398 756 ejusmodi
413 707 526 746 causa
538 706 813 745 dissensionem
829 719 923 756 esse,
936 704 1116 745 omnibus
1131 711 1282 743 senten-

152 759 214 798 tiis
232 761 430 800 absolutus
444 769 511 800 est.
542 760 663 809 Inud‚
677 761 782 813 quod
796 760 867 800 tibi
885 774 985 812 saepe
1004 773 1105 798 curae
1124 771 1203 797 &ese
1221 757 1281 795 in-

153 815 394 864 tellexeram,
416 828 465 854 ne
484 816 547 855 cui
564 816 697 868 iniquo
716 816 1021 868 relinqueremus
1039 811 1283 864 vituperandi

154 868 299 917 locum,
321 870 390 921 qui
413 882 483 909 nos
507 871 675 922 ingratos
701 883 781 909 esse
803 871 958 919 diceret,
977 868 1052 908 nisi
1070 868 1175 906 illius
1194 880 1282 919 per-

155 923 373 962 versitatffin
401 925 635 976 quibusdam
663 925 705 963 in
724 926 838 964 rebus
865 937 985 977 quam
1004 922 1283 962 humanissime

154 977 341 1018 ferremus
359 993 370 1025 ;
400 979 493 1019 scito
512 980 584 1018 hoc
602 980 724 1019 nosin
736 993 780 1018 eo
789 979 934 1030 judicio
949 985 1168 1018 consecutos
1187 989 1281 1023 esse,

154 1040 200 1070 ut
217 1033 394 1072 omnium
412 1034 620 1086 gratissimi
645 1034 917 1086 judicaremur.
948 1034 1070 1079 Nam,
1090 1032 1128 1069 in
1150 1031 1283 1070 defen·

153 1086 279 1126 dendo
303 1101 456 1128 moroso
481 1089 651 1138 homine,
686 1088 989 1127 cumulatissime
1014 1086 1283 1133 satisfecimus,

153 1149 192 1181 et
224 1142 299 1195 (id,
333 1143 439 1194 quod
468 1143 533 1182 ille
568 1143 740 1182 maxime
776 1141 971 1195 cupiebat)
1007 1140 1227 1188 Vatinium,
1259 1153 1285 1177 a

154 1209 234 1248 quo
250 1197 383 1249 palam
412 1200 725 1250 oppugnabatur,
754 1199 939 1236 arbitratu
962 1203 1091 1236 nostro
1114 1193 1281 1234 concidi-

154 1263 258 1299 mus,
285 1251 375 1290 Diis
401 1252 700 1304 hominibusque
719 1252 1005 1305 plaudentibus.
1035 1249 1144 1299 Quin
1164 1249 1301 1300 etiam?

154 1305 304 1345 Paulus
328 1314 469 1355 noster,
503 1320 593 1346 cum
620 1306 724 1345 testis
760 1306 969 1359 productus
996 1313 1091 1344 esset
1115 1304 1156 1342 in
1187 1303 1283 1342 Sex.

154 1360 267 1403 tium,
305 1360 558 1409 confirmavit,
601 1374 640 1400 se
676 1373 816 1399 nomen
855 1360 1005 1399 Vatinii
1047 1359 1281 1404 delaturum,

153 1413 185 1452 si
214 1415 349 1454 Macer
379 1415 554 1454 Licinius
587 1423 852 1454 cunctaretur:
883 1422 922 1453 et
952 1415 1088 1453 Macer
1110 1426 1134 1451 a
1161 1411 1283 1451 Sextii

154 1470 343 1508 subselliis
373 1470 552 1518 surrexit,
584 1483 628 1509 ac
656 1484 695 1509 se
724 1469 781 1508 illi
813 1481 892 1508 non
926 1469 1152 1507 defuturum
1179 1466 1283 1504 affir-

154 1525 288 1563 mavit.
335 1524 445 1573 Quid
481 1524 622 1577 quaeris
638 1526 656 1563 ἓ
698 1524 817 1563 homo
849 1524 1028 1576 petulans
1064 1531 1103 1562 et
1136 1521 1280 1569 audax,

156 1578 352 1640 Vatinius,
391 1579 504 1619 valde
539 1580 786 1631 perturbatus
815 1578 1115 1630 debilitatusque
1148 1575 1287 1614 disces-

154 1640 216 1672 s1t.

211 1687 386 1736 Quintus
416 1695 520 1737 tuus,
560 1702 657 1741 puer
688 1687 874 1741 optimus,
913 1686 1087 1726 eruditur
1124 1684 1285 1737 egregie.

158 1742 247 1781 Hoc
265 1755 370 1782 nunc
387 1743 511 1794 magis
530 1742 806 1793 animadverto,
832 1743 936 1795 quod
956 1739 1157 1794 Tyrannio
1176 1739 1287 1778 docet

156 1797 263 1849 apud
298 1810 375 1836 me.
432 1797 586 1837 Domus
621 1797 824 1849 uniusque
864 1799 1039 1836 nostrum
1077 1794 1287 1834 aedificatur

157 1860 321 1891 strenue.
358 1852 586 1892 Redemtori
609 1860 677 1891 tuo
707 1852 915 1891 dimidium
943 1850 1117 1903 pecuniae
1141 1848 1283 1888 curavi.

160 1906 281 1958 Spero
295 1920 364 1946 nos
382 1915 471 1946 ante
489 1907 654 1946 hiemem
676 1906 966 1946 contubernales
992 1905 1084 1943 fore.
1114 1904 1178 1943 De
1196 1915 1285 1941 nos-

159 1963 220 2005 tra
240 1962 390 2010 Tullia,
410 1961 469 2000 tui
490 1961 742 2014 (mehercule)
767 1959 1048 2007 amantissima,
1069 1971 1177 2011 spero
1197 1970 1287 1996 cum

161 2015 386 2068 Crassipede
404 2029 473 2056 nos
499 2016 715 2055 confecisse.
751 2015 849 2054 Dies
868 2022 976 2055 erant
993 2013 1087 2062 duo,
1107 2013 1176 2065 qui
1200 2018 1288 2064 post

158 2069 322 2117 Latinas
334 2071 525 2110 habentur
539 2070 705 2122 religiosi
719 2084 731 2117 3
748 2078 944 2122 caeterum,
963 2067 1054 2121 [qui
1068 2067 1285 2108 confectum

164 2133 246 2166 erat
263 2125 413 2176 Latiar-5
433 2126 533 2179 erat]
554 2125 742 2165 exiturus.
