1467 2401
175 84 227 127 74
384 81 468 121 AD
497 79 790 122 ATTICUM.
821 80 924 120 Lm.
954 80 1034 120 XI.
1063 83 1102 120 5.

173 199 308 231 caetera
332 191 455 230 Celer.
488 190 578 243 Ipse
596 191 683 242 fugi
701 191 828 230 adhuc
846 203 962 229 omne
978 202 1140 237 munus,
1169 201 1214 228 eo
1225 201 1311 228 ma-

174 247 249 298 gis,
269 245 374 298 quod
392 246 448 285 ita
465 246 564 284 nihil
578 253 728 298 poterat
746 246 824 298 agi,
843 253 889 284 ut
906 245 1005 284 mihi
1023 251 1062 284 et
1078 243 1177 282 meis
1193 244 1310 282 rebus

173 309 314 354 aptum
329 307 437 340 esset.

230 355 340 404 Quid
359 355 407 393 sit
424 361 577 406 gestum
595 353 700 402 novi,
721 354 882 406 quaeris.
904 368 953 393 ex
973 353 1123 392 Isidoro
1133 352 1229 392 scire
1238 365 1311 404 po-

176 410 293 448 teris.
324 410 474 461 reliqua
491 422 569 448 non
589 409 770 447 videntur
796 422 878 448 esse
905 408 1129 447 difficiliora.
1161 408 1228 445 Tu
1251 406 1307 457 id,

176 465 308 513 velim,
329 464 434 517 quod
454 465 524 502 scis
543 477 607 502 me
632 464 804 502 maxime
823 464 935 512 velle,
955 477 1078 510 cures,
1099 471 1143 501 ut
1162 461 1308 507 scribis,

177 527 222 557 ut
233 493 337 558 facis.
368 519 440 557 Me
452 518 603 557 conficit
618 518 848 566 sollicitudo,
865 531 912 556 ex
926 532 1005 570 qua
1025 518 1142 556 etiam
1154 529 1311 555 summa

173 574 381 612 infirmitas
399 574 588 635 corporis:
621 587 705 634 qua·
717 573 858 620 levata,
876 585 939 610 ero
954 585 1034 610 una
1053 584 1143 610 cum
1163 583 1221 618 eo,
1241 570 1311 623 qui

176 629 377 679 negotium
407 629 518 679 gerit,
540 636 672 679 estque
694 627 735 665 in
765 639 831 679 spe
850 627 1008 678 magna.
1045 627 1195 664 Brutus
1211 624 1312 663 ami-

180 696 247 722 cus
265 683 306 720 in
327 696 441 722 causa
461 690 632 721 versatur
652 682 801 720 acriter.

173 769 186 775 .,
233 737 434 776 Hactenus
470 737 561 783 fuit,
600 736 704 788 quod
734 743 843 774 caute
872 749 896 774 a
928 748 994 774 me
1023 734 1138 774 scribi
1169 741 1311 787 posset.

179 791 291 830 Vale.
331 792 394 830 De
419 791 600 843 pensione
623 790 757 836 altera,
782 803 848 828 oro
874 798 926 837 te,
946 790 1054 828 omni
1077 790 1170 828 cura
1188 788 1313 827 consi-

177 846 282 893 dera,
303 846 399 898 quid
420 845 641 885 faciendum
664 845 728 893 sit,
754 852 800 883 ut
827 844 963 896 scripsi
984 845 1032 883 iis
1053 844 1185 890 literis,
1213 856 1311 896 quas

178 901 317 940 Pollex
337 900 438 939 tulit.

409 1062 498 1117 (5.)
531 1062 746 1103 emmo
773 1061 1004 1104 ATTICO
1033 1063 1075 1103 s,

233 1174 336 1223 Quae
346 1186 410 1212 me
425 1187 550 1212 causae
563 1172 769 1221 moverint,
783 1186 902 1225 quam
918 1174 1077 1222 acerbae,
1090 1185 1210 1226 quam
1225 1185 1314 1224 gra·

179 1243 259 1277 ves,
280 1242 399 1281 quam
419 1241 542 1277 novae,
559 1228 828 1280 coegerintque
842 1228 991 1280 impetu
1003 1228 1127 1280 magis
1141 1227 1312 1280 quodam

178 1285 300 1323 animi
319 1284 391 1331 uti,
415 1296 535 1335 quam
556 1283 798 1334 cogitatione,
826 1295 904 1321 non
923 1294 1081 1335 possum
1103 1282 1153 1320 ad
1174 1290 1211 1321 te
1230 1282 1312 1321 sine

179 1339 353 1377 maximo
372 1338 501 1376 dolore
525 1337 700 1376 scribere.
735 1337 912 1376 Fuerunt
931 1337 1090 1389 quidem
1116 1344 1249 1384 tantae,
1269 1343 1315 1374 ut

179 1393 234 1436 id,
266 1393 370 1445 quod
394 1393 513 1439 vides,
550 1392 752 1431 effecerint.
784 1393 937 1444 Itaque,
968 1404 1038 1430 nec
1067 1391 1173 1444 quod
1197 1391 1248 1430 ad
1276 1398 1315 1429 te

180 1448 345 1488 scribam
372 1447 420 1486 de
450 1448 546 1486 meis
571 1449 700 1495 rebus,
722 1459 792 1485 nec
818 1446 924 1498 quod
943 1459 966 1484 a
985 1454 1021 1485 te
1039 1454 1186 1497 petam,
1205 1458 1316 1497 repe·

179 1503 248 1541 rio.
289 1503 392 1541 Rem
424 1510 461 1540 et
489 1514 684 1540 summam
710 1501 854 1552 negotii
879 1500 995 1539 vides,
1033 1500 1232 1552 Equidem
1264 1512 1315 1547 ex

179 1557 257 1596 tuis
268 1557 386 1595 literis
397 1556 585 1603 intellexi,
607 1563 644 1594 et
662 1555 709 1593 iis
729 1569 824 1607 quas
843 1555 1100 1594 communiter
1119 1568 1209 1594 cum
1229 1555 1315 1593 aliis

180 1611 376 1663 scripsisti,
399 1619 436 1649 et
464 1611 510 1648 iis
529 1624 626 1662 quas
650 1618 716 1648 tuo
742 1610 913 1656 nomine,
939 1609 1063 1662 (quod
1087 1609 1203 1648 etiam
1225 1609 1315 1648 mea

180 1674 315 1718 sponte
348 1665 543 1712 videbam)
579 1673 616 1704 te
648 1664 966 1703 subdebilitatum
999 1676 1118 1703 novas
1149 1664 1316 1703 rationes

179 1720 315 1760 tuendi
333 1721 411 1758 mei
431 1733 613 1771 quaerere.

235 1774 356 1824 Quod
375 1774 506 1813 scribis
524 1775 688 1825 placere,
705 1780 750 1812 ut
774 1773 933 1826 propius
955 1773 1150 1822 accedam,
1165 1773 1315 1826 iterque

180 1843 250 1882 per
269 1828 411 1881 oppida
439 1838 554 1867 noctu
574 1829 713 1867 faciam
731 1842 743 1873 ;
775 1840 852 1866 non
872 1841 962 1867 sane
982 1828 1107 1877 video,
1127 1827 1316 1880 quemad-

172 1884 344 1923 modum
365 1883 405 1921 id
428 1882 510 1922 fieri
529 1883 659 1935 possit.
700 1883 843 1934 Neque
866 1883 970 1921 enim
998 1883 1052 1921 ita
1076 1890 1168 1935 apta
1191 1882 1316 1922 habeo

181 1938 401 1986 diversoria,
422 1946 467 1976 ut
486 1945 565 1976 tota
577 1946 751 1989 tempora
769 1937 908 1976 diurna
925 1938 965 1976 in
985 1937 1046 1976 his
1062 1937 1207 1989 possim
1226 1949 1319 1976 oon-

183 2006 360 2039 sumere3
391 2005 530 2044 neque,
559 1992 608 2030 ad
632 1992 672 2030 id
695 1991 800 2044 quod
826 1992 981 2043 quaeris,
1007 1992 1179 2031 multum
1197 1991 1316 2030 inter-

182 2056 253 2095 est,
274 2056 407 2087 utrum
422 2059 486 2085 me
503 2046 679 2085 homines
698 2046 740 2084 in
759 2046 902 2098 oppido
920 2046 1089 2095 videant,
1110 2059 1160 2085 an
1177 2046 1219 2085 in
1238 2046 1316 2086 vifi-

174 2103 259 2143 Sed
277 2110 407 2141 tamen
422 2101 496 2140 hoc
509 2101 654 2153 ipsum,
675 2101 773 2140 sicut
789 2101 879 2149 alia,
892 2101 1155 2150 considerabo,
1175 2113 1315 2154 quem-

182 2157 394 2197 admodum
414 2155 724 2196 commodissime
743 2156 826 2194 fieri
843 2169 954 2208 posse
972 2155 1161 2195 videatur.

236 2212 340 2263 Ego,
373 2219 529 2265 propter
559 2209 824 2250 incredibilem
855 2218 893 2250 et
923 2210 1046 2250 animi
1077 2218 1115 2250 et
1151 2209 1319 2263 eorporis
