1498 2401
256 90 336 129 396
525 89 603 128 DE
632 89 821 129 PETIT.
848 89 1006 130 CONS.
1041 92 1101 130 12.

255 198 383 249 ipsum
403 197 524 246 docet,
544 211 631 249 quae
649 211 707 237 res
726 199 786 237 sit.
817 198 979 237 Prodest
997 197 1155 250 quidem
1172 197 1374 237 vehemen-

254 260 324 298 ter,
349 264 542 304 nusquam
561 252 714 291 deesse:
746 252 810 291 sed
834 260 962 291 tamen
986 252 1049 290 hic
1072 252 1219 290 fructus
1238 259 1294 291 est
1311 265 1372 291 as-

253 306 455 353 siduitatis,
476 317 553 343 non
572 307 697 344 solum
719 319 799 345 esse
818 307 956 344 Romae
979 314 1094 357 atque
1118 306 1159 343 in
1183 305 1278 354 foro,
1306 306 1373 345 sed

253 360 405 397 assidue
423 367 563 411 petere,
584 373 683 411 saepe
701 360 853 398 eosdem
865 361 1080 412 appellare,
1069 373 1079 383 ·
1101 371 1180 397 non
1194 360 1372 398 commit-

252 419 344 461 tere,
365 422 410 451 ut
427 413 631 465 quisquam
649 413 768 465 possit
785 414 921 462 dicere,
951 413 1065 465 [quid
1083 414 1166 463 ejus
1185 414 1246 462 sit,
1267 414 1373 466 quod

253 467 432 518 consequi
450 468 584 518 possis,
606 467 637 505 si
653 469 719 506 abs
748 475 785 506 te
802 480 878 506 non
903 468 951 506 sit
976 469 1190 519 rogatum,]
1211 475 1249 506 et
1262 467 1374 507 valde

253 534 298 559 ac
316 520 515 582 ἀ111ςο11101·
533 529 721 571 rogatum.
750 521 977 572 Benignitas
995 528 1124 559 autem
1143 521 1218 559 late
1235 528 1368 573 patet:

253 582 291 613 et
310 582 365 613 est
382 575 422 612 in
441 587 481 612 re
499 575 706 620 familiari3
738 589 825 626 quae
850 588 1088 626 quamquam
1117 574 1167 612 ad
1194 575 1374 615 multitu-

252 629 382 667 dinem
401 629 596 680 pervenire
615 642 692 667 non
710 636 846 680 potest,
873 637 1002 666 tamen
1021 630 1070 666 ab
1088 628 1220 666 amicis
1237 628 1374 667 lauda-

252 689 330 729 tur,
351 689 388 720 et
405 682 646 720 multitudini
663 690 772 733 grata
791 690 858 720 est.
888 682 990 720 Est
980 693 1021 719 111
1046 681 1254 728 conviviis;
1285 695 1374 734 quae

251 736 365 775 facito
385 746 422 774 et
440 738 509 774 abs
535 744 572 774 te
600 744 637 774 et
664 738 713 774 ab
732 736 864 774 amicis
890 736 966 773 tuis
990 735 1311 784 concelebremus,
1335 743 1374 775 et

251 790 408 842 passim,
429 798 466 828 et
484 789 659 828 tributim
676 805 686 827 z
718 797 774 828 est
792 789 907 828 etiam
924 789 964 826 in
977 790 1117 841 opertu
1148 802 1266 841 quam
1285 803 1373 841 per-

252 844 372 895 vulga
389 852 424 882 et
443 844 708 882 communica:
739 856 919 894 curaque,
940 850 984 881 ut
1003 843 1127 882 aditus
1147 844 1195 882 ad
1211 851 1249 882 te
1266 843 1373 882 diur-

252 898 295 936 ni
313 897 564 948 nocturnique
582 905 750 948 pateant,
777 910 903 949 neque
919 897 1065 936 foribus
1084 898 1210 936 solum
1229 897 1372 936 aedium

252 960 422 999 tuarum,
458 951 525 989 sed
553 951 667 989 etiam
689 952 800 989 vultu
831 964 874 989 ac
898 951 1036 998 fronte,
1058 965 1145 1003 quae
1170 959 1225 990 &st
1252 951 1373 990 animi

249 1007 392 1056 janua:
425 1019 512 1056 quae
530 1004 561 1043 si
589 1005 816 1056 significant,
845 1005 1082 1044 voluntatem
1104 1005 1275 1044 abditam
1294 1018 1375 1044 esse

253 1074 297 1098 ac
326 1067 526 1105 retrusam,
557 1059 665 1109 parvi
690 1059 802 1097 refert
833 1066 962 1109 patere
990 1059 1142 1098 ostium.
1182 1058 1374 1098 Homines

253 1114 354 1152 enim
374 1126 452 1152 non
470 1112 585 1151 modo
604 1113 776 1174 promitti
802 1113 886 1157 sibi,
907 1113 1117 1165 praesertim
1136 1126 1223 1165 quae
1240 1127 1264 1152 a
1281 1126 1373 1152 can-

251 1168 381 1206 didato
399 1175 544 1218 petant,
565 1167 630 1205 sed
655 1166 771 1205 etiam
788 1167 893 1218 large
922 1175 1037 1219 atque
1055 1167 1260 1206 honorifice
1282 1180 1373 1218 pro-

252 1221 369 1269 mitti,
389 1222 534 1260 volunt.
567 1221 712 1268 Quare,
733 1221 804 1259 hoc
824 1221 979 1272 quidem
999 1221 1110 1259 facile
1137 1229 1371 1272 praeceptum

251 1283 320 1321 est,
341 1284 397 1323 ut,
420 1275 523 1326 quod
542 1282 694 1312 acturus
714 1274 776 1321 sis,
803 1275 844 1313 id
866 1275 1054 1325 significes
1079 1282 1117 1313 te
1143 1275 1310 1313 studiose
1327 1287 1373 1313 ac

249 1330 412 1368 libenter
431 1342 509 1367 esse
528 1328 733 1367 facturum.
765 1329 871 1367 Illud
898 1329 1103 1374 difficilius,
1125 1336 1162 1367 et
1180 1329 1303 1380 magis
1321 1327 1372 1366 ad

251 1391 405 1434 tempus
440 1395 558 1434 quam
591 1382 639 1420 ad
668 1390 846 1421 naturam
875 1382 1204 1421 accommodatum
1231 1390 1372 1429 tuam;

250 1437 354 1489 quod
366 1437 487 1475 facere
499 1449 574 1474 non
591 1436 725 1487 possis,
742 1445 786 1474 ut
804 1435 844 1474 id
866 1435 954 1485 [aut
968 1436 1138 1485 jucunde
1156 1437 1370 1487 promittas,

250 1499 317 1529 aut
329 1491 493 1541 ingenue
507 1503 620 1540 neges
633 1492 667 1541 z]
686 1503 852 1541 quorum
866 1490 1029 1527 alterum
1044 1498 1100 1528 est
1112 1490 1204 1528 boni
1215 1489 1300 1538 viri,
1316 1491 1374 1528 al-

251 1553 377 1583 terum
395 1543 486 1582 boni
504 1544 684 1594 petitoris.
718 1544 836 1591 Nam,
853 1556 942 1581 cum
960 1543 1000 1581 id
1013 1544 1168 1594 petitur,
1185 1543 1289 1595 quod
1302 1544 1373 1582 ho-

251 1607 370 1645 neste,
398 1606 466 1636 aut
496 1597 575 1635 sine
607 1597 833 1635 detrimento
866 1605 1006 1645 nostro,
1045 1598 1267 1648 promittere
1294 1610 1372 1636 non

251 1664 470 1705 possumus,
493 1650 718 1702 (quomodo,
749 1651 780 1689 si
807 1651 875 1702 qui
902 1659 1021 1701 roget,
1053 1658 1098 1689 ut
1127 1658 1258 1689 contra
1274 1651 1373 1690 ami-

252 1719 342 1745 cum
375 1706 543 1756 aliquem
577 1717 730 1742 causam
762 1705 1005 1755 recipiamus)
1025 1705 1124 1743 belle
1150 1705 1372 1756 negandum

252 1768 322 1807 est,
353 1766 398 1798 ut
429 1759 602 1796 ostendas
632 1759 959 1805 necessitudinem,
991 1759 1226 1797 demonstres
1253 1771 1372 1811 quam

252 1815 412 1853 moleste
430 1812 553 1858 feras3
585 1811 669 1850 aliis
687 1820 723 1850 te
741 1812 781 1850 id
792 1814 904 1851 rebus
916 1820 1157 1851 exsarturum
1173 1825 1266 1861 esse,
1286 1826 1373 1865 per-

253 1868 422 1907 suadeas.

306 1921 409 1960 XII.
444 1919 591 1959 Audivi
613 1921 685 1959 hoc
700 1920 822 1959 dicere
840 1921 1048 1972 quemdam
1067 1920 1114 1959 de
1139 1921 1371 1972 quibusdam

252 1975 477 2036 oratoribus,
491 1975 539 2012 ad
554 1988 649 2026 quos
664 1988 818 2013 causam
831 1988 939 2013 suam
951 1975 1158 2020 detulisset,
1167 1975 1371 2025 gratiorem

250 2030 323 2069 sibi
341 2029 548 2067 orationem
578 2029 692 2067 fuisse
720 2030 801 2078 ejus
819 2029 887 2080 qui
915 2029 1100 2079 negasset,
1121 2042 1238 2080 quam
1266 2028 1371 2067 illius

251 2084 319 2135 qui
330 2083 538 2133 recepisset.
568 2083 630 2121 Sic
654 2083 828 2121 homines
847 2082 970 2121 fronte
989 2090 1026 2120 et
1043 2083 1211 2120 oratione
1229 2082 1368 2132 magis,

250 2149 369 2189 quam
401 2136 483 2187 ipso
506 2136 688 2175 beneficio
720 2149 849 2188 reque,
876 2136 1090 2187 capiuntur.
1123 2137 1272 2174 Verum
1296 2135 1369 2174 hoc

249 2189 444 2243 probabile
463 2198 543 2238 oet3
574 2190 673 2230 illud
691 2190 855 2230 alterum
880 2190 1095 2235 subdurum
1115 2189 1198 2242 tibi,
1219 2189 1369 2231 homini
