1498 2401
389 89 474 130 AD
502 90 555 139 Q.
585 89 891 130 FRATREM.
921 89 1022 129 ιω.
1052 88 1086 128 1.
1121 90 1155 128 1.
1257 91 1336 136 275

206 206 244 238 et
261 198 421 247 civibus,
442 198 510 237 sed
535 199 651 238 etiam
670 200 768 249 ejus,
796 199 865 251 qui
884 199 1014 248 servis,
1042 199 1111 252 qui
1130 199 1250 238 mutis
1269 213 1337 252 pe-

205 253 367 292 cudibus
384 253 527 305 praesit,
543 266 692 301 eorum,
706 253 848 305 quibus
866 254 1009 305 praesit,
1029 253 1240 293 commodis
1259 255 1337 292 uti-

202 307 379 360 litatique
414 307 566 346 servire.
614 307 738 357 Cujus
768 307 926 359 quidem
968 309 1131 359 generis,
1166 318 1338 347 constare

204 361 304 400 inter
320 374 454 400 omnes
472 361 598 410 video,
620 363 688 400 abs
706 369 744 400 te
763 374 958 400 summam
979 362 1151 401 adhiberi
1170 363 1335 414 diligen-

203 415 326 454 tiam:
356 416 511 454 nullum
543 429 593 454 aes
612 415 783 454 alienum
808 428 954 454 novum
974 416 1148 454 contrahi
1168 417 1332 455 civitati-

202 471 276 508 bus
292 484 304 515 ς
334 478 460 509 vetere
491 478 622 508 autem
650 482 794 521 magno
825 477 862 508 et
891 470 1000 521 gravi
1029 471 1173 509 multas
1204 473 1272 509 abs
1295 479 1333 510 te

202 537 284 563 esse
300 524 504 569 liberatas;
535 525 648 562 urbes
667 524 898 575 complures,
913 524 1060 562 dirutas
1077 538 1120 563 ac
1139 538 1249 576 paene
1268 526 1336 564 de-

200 586 333 626 sertas,
354 579 410 622 (in
431 579 572 631 quibus
587 591 708 616 unam
726 578 843 616 lo'niae
860 577 1153 626 nobilissimam,
1171 580 1331 618 alteram

201 632 340 681 Gariae,
361 635 525 673 Samum
544 640 581 671 et
602 632 936 681 Halicarnassum)
950 645 1019 684 per
1037 640 1075 671 te
1094 646 1172 671 esse
1187 647 1333 672 recrea-

200 694 284 733 tas;
314 688 442 726 nullas
469 700 548 726 esse
565 687 606 725 in
632 687 783 739 oppid1s
802 687 1019 735 seditiones,
1040 687 1168 725 nullas
1188 688 1330 726 discor-

200 740 282 779 dias
298 756 310 787 ς
339 742 532 794 provideri
551 743 619 780 abs
643 748 695 788 te,
716 752 762 779 ut
782 741 952 780 civitates
972 741 1220 793 optimatium
1240 755 1330 780 con-

201 795 295 834 siliis
310 796 624 835 administrentur
638 809 649 841 ς
682 796 833 834 sublata
848 796 895 834 M
899 796 991 848 ysiae
1002 795 1199 834 latrocinia
1215 809 1228 841 ς
1259 809 1332 835 cae-

197 849 268 888 des
285 850 420 889 multis
435 851 527 889 locis
541 863 728 902 repressas
745 863 756 895 ;
786 863 921 902 pacem
936 848 1015 889 tota
1028 850 1224 902 provincia
1241 863 1333 889 con-.

199 904 371 943 stitutam
386 919 398 951 3
429 918 554 957 neque
573 905 700 943 solum
718 904 786 942 illa
804 905 986 943 itinerum
1001 913 1117 957 atque
1129 918 1327 956 agrorum,

199 959 266 997 sed
283 960 409 997 multo
429 960 544 998 etiam
563 960 677 1011 plura
692 966 729 997 et
747 960 896 1009 majora
914 959 1144 1011 oppidorum
1165 967 1201 997 et
1219 959 1329 997 fano-

198 1025 302 1061 rum,
333 1013 438 1052 furta
470 1020 508 1052 et
537 1014 735 1052 latrocinia
765 1026 846 1051 esse
878 1013 1062 1065 depulsa3
1093 1020 1283 1052 remotam
1303 1027 1328 1052 a

196 1066 316 1116 fama,
349 1075 387 1106 et
417 1082 440 1107 a
468 1068 646 1116 fortunis,
679 1075 717 1106 et
749 1069 797 1106 ab
828 1067 906 1106 otio
935 1068 1187 1120 locupletum,
1216 1067 1326 1106 illam

198 1122 483 1161 acerbissimam
511 1122 726 1161 ministram
746 1129 952 1174 praetorum
975 1122 1157 1169 avaritiae,
1178 1121 1328 1160 calum-

196 1174 328 1223 niam3
360 1185 510 1215 sumtus
530 1184 566 1215 et
585 1177 729 1215 tributa
747 1176 946 1215 civitatum
966 1178 1015 1215 ab
1033 1176 1227 1223 omnibus,
1259 1176 1328 1228 qui

197 1243 331 1269 earum
350 1231 549 1270 civitatum
569 1231 663 1270 fines
682 1230 864 1279 incolant,
886 1231 1039 1269 tolerari
1055 1230 1294 1282 aequabiliter
1311 1244 1324 1277 ;

195 1285 399 1324 facillimos
425 1299 504 1325 esse
525 1286 652 1324 aditus
672 1285 721 1323 ad
751 1292 789 1323 te
805 1299 817 1330 ;
847 1293 976 1337 patere
995 1298 1106 1323 aures
1126 1292 1211 1323 tuas
1230 1298 1328 1337 que-

195 1339 283 1378 relis
308 1340 512 1385 omnium3
542 1340 688 1378 nullius
707 1339 879 1390 inopiam
899 1353 943 1378 ac
962 1339 1224 1387 solitudinem,
1244 1351 1324 1377 non

192 1394 310 1432 modo
326 1395 395 1433 illo
412 1394 591 1446 populari
606 1407 756 1432 accessu
775 1407 819 1432 ac
838 1393 1036 1442 tribunali,
1057 1393 1123 1431 sed
1141 1406 1189 1431 ne
1209 1393 1326 1432 domo

192 1447 352 1500 quidem
372 1456 410 1488 et
428 1449 619 1497 cubiculo,
641 1461 719 1487 esse
734 1449 930 1487 exclusam
945 1462 957 1495 ;
983 1455 1050 1486 tuo
1063 1455 1142 1486 toto
1157 1447 1325 1499 denique

191 1502 355 1554 imperio
373 1503 472 1542 nihil
490 1505 670 1542 acerbum
690 1516 783 1551 esse,
799 1503 898 1541 nihil
917 1501 1082 1550 crudele,
1104 1509 1220 1553 atque
1238 1514 1324 1540 om-

194 1556 260 1595 nia
278 1558 394 1609 plena
412 1557 638 1607 clementiae,
658 1557 980 1605 mansuetudinis,
1000 1555 1267 1595 humanitatis.

248 1610 326 1650 IX.
346 1612 552 1661 Quantum
559 1625 648 1651 vero
659 1611 758 1649 illud
769 1618 828 1649 est
839 1610 1069 1650 beneficium
1082 1618 1210 1658 tuum,
1219 1610 1325 1662 quod

192 1665 326 1718 iniquo
344 1673 382 1705 et
400 1667 506 1718 gravi
525 1666 701 1718 vectigali
727 1665 993 1714 aediliciorum,
1012 1664 1164 1716 magnis
1182 1664 1324 1703 nostris

192 1721 468 1770 simultatibus,
501 1721 641 1760 Asiam
670 1720 842 1759 liberasti
858 1723 876 1759 Ξ)
905 1720 1132 1767 Enimvero,
1165 1719 1197 1758 si
1221 1731 1327 1757 unus

193 1773 312 1813 homo
331 1775 469 1813 nobilis
482 1775 655 1837 queritur
668 1775 814 1827 palam,
832 1782 882 1824 te,
900 1774 1006 1825 quod
1020 1773 1197 1821 edixeris,
1230 1776 1258 1796 “
1274 1786 1325 1811 ne

193 1829 244 1867 ad
261 1829 374 1868 ludos
404 1829 578 1881 pecuniae
601 1830 936 1875 decernerentur,''
966 1829 1039 1867 HS
1060 1827 1129 1866 CC
1152 1827 1227 1866 sibi
1250 1827 1324 1866 eri-

190 1883 345 1946 puisse3
376 1891 523 1936 quanta
541 1884 697 1922 tandem
722 1883 886 1935 pecunia
904 1883 1148 1935 penderetur,
1170 1882 1217 1929 si,
1238 1894 1325 1920 om·

190 1938 303 1976 nium
333 1938 504 1986 nomine,
543 1939 780 1990 quicumque
817 1939 958 1977 Romae
988 1936 1102 1975 ludos
1137 1936 1322 1984 facerent,

191 1992 316 2043 (quod
332 1999 412 2031 erat
426 1994 510 2043 jam
528 1991 769 2042 institutum)
785 1993 1035 2044 erogaretur?
1065 1990 1322 2042 Quamquam

192 2046 262 2085 has
293 2047 466 2109 querelas
497 2047 703 2086 hominum
725 2054 943 2086 nostrorum
972 2046 1039 2084 illo
1070 2045 1228 2084 consilio
1253 2057 1323 2096 op-

190 2102 413 2152 pressimus,
434 2101 554 2154 quod,
580 2101 621 2139 in
639 2101 738 2140 Asia
760 2101 886 2140 nescio
912 2114 994 2162 quo
1016 2099 1147 2147 modo,
1182 2098 1325 2137 Romae

190 2155 349 2206 quidem
378 2168 458 2195 non
486 2156 669 2195 mediocri
693 2169 784 2196 cum
816 2154 1085 2202 admiratione,
1124 2152 1321 2201 laudatur,

189 2210 309 2260 quod,
343 2223 434 2252 cum
464 2211 513 2250 ad
537 2211 730 2264 templum
753 2211 1119 2261 monimentumque
1149 2215 1327 2248 nostrum
