1498 2401
315 77 394 119 AD
422 81 476 131 Q.
504 80 807 122 FRATREM.
836 82 938 122 111ss
958 81 1018 121 ΙΙ.
1052 83 1114 121 10.
1198 81 1279 120 309

151 186 371 240 misoepisse.
400 190 443 229 Si
460 190 678 242 perficiunt,
694 191 863 244 optime:
885 191 944 230 sin
961 191 1107 238 minus,
1127 188 1177 228 ad
1194 201 1282 227 nos-

151 247 259 280 trum
275 242 306 281 J
307 255 419 282 ovem
437 253 685 283 revertamur.

205 296 261 335 A.
287 296 326 335 d.
348 298 419 337 III
448 299 509 337 Id.
531 300 633 337 Maii
652 300 1042 340 senatus-consultum
1062 306 1117 338 est
1136 298 1282 338 facttun

154 349 203 388 de
220 351 399 390 ambitu
388 365 429 390 1n
445 354 599 392 Afranii
613 356 854 403 sententiam,
869 368 987 407 quam
1003 367 1073 405 ego
1091 354 1280 399 dixeram,

155 417 247 443 cum
276 413 321 444 tu
353 407 529 454 adesses;
560 408 625 447 sed
655 422 797 460 magno
829 423 917 447 cum
943 410 1090 460 gemitu
1117 410 1280 447 senatus.

159 458 348 499 Consules
369 474 447 499 non
475 471 564 501 sunt
591 464 778 514 persecuti
808 477 942 502 eorum
967 462 1186 510 sententias,
1213 461 1284 513 qui

156 511 322 553 Afranio
346 529 437 554 cum
460 525 585 555 essent
603 518 757 565 assensi,
778 518 1021 564 addiderunt,
1042 524 1085 554 ut
1104 524 1285 568 praetores

158 569 214 607 ita
225 579 454 619 craerentur,
472 579 515 609 ut
529 572 608 610 dies
622 572 701 611 LX
712 573 850 625 privati
863 580 998 610 aesent.
1017 571 1078 609 Eo
1090 571 1152 609 die
1167 571 1284 609 Cato-

159 634 250 662 nem
278 624 393 675 plane
421 626 686 677 repudiarunt.
723 627 832 674 Quid
858 626 1016 665 multa?
1046 632 1176 664 tenent
1200 637 1286 664 om-

160 677 253 717 nia.
281 677 399 731 idque
422 680 477 719 ita
495 693 628 720 omnes
644 681 856 734 intelligere
874 681 1021 720 volunt.

330 843 451 898 (ιο.)
481 845 722 887 MARCUS
747 845 801 896 Q.
829 845 1054 886 FRATRI
1082 846 1122 885 s.

219 953 545 1006 (Argumentum.
558 982 613 990 —
623 957 846 1009 Respondet
861 956 1030 1009 epistolae
1041 954 1196 1004 Quinti,
1212 951 1290 1006 qu&

161 1020 203 1047 se
220 1016 391 1048 metuere
409 1010 621 1063 scripserat,
636 1024 684 1050 ne
704 1025 794 1050 eum
811 1011 930 1051 literis
948 1011 1026 1050 suis
1043 1009 1293 1061 interpellet.)

218 1116 288 1157 Tu
304 1119 461 1182 metuis,
481 1132 530 1160 ne
553 1133 618 1159 me
640 1121 893 1183 interpelles?
924 1119 1073 1169 Primo,
1096 1118 1128 1158 si
1145 1119 1188 1157 in
1214 1117 1292 1156 isto

164 1184 301 1222 assem,
324 1180 368 1212 tu
392 1175 476 1224 scis,
508 1175 603 1228 quid
625 1176 674 1214 sit
696 1175 949 1228 interpellare.
981 1176 1047 1213 An
1066 1182 1105 1212 te
1121 1172 1290 1212 Ateius?

163 1226 406 1277 Mehercule,
432 1204 530 1268 m’ihi
556 1230 687 1269 docere
706 1230 893 1270 videbaris
915 1230 1025 1268 istius
1050 1227 1197 1280 generis
1213 1227 1293 1265 hu-

162 1281 419 1329 manitatem;
449 1298 529 1336 qua
551 1284 710 1336 quidem
735 1299 805 1337 ego
831 1284 929 1323 nihil
950 1292 1038 1322 utor
1063 1284 1131 1321 abs
1150 1290 1199 1320 te.
1228 1282 1293 1319 Tu

161 1348 267 1385 vero,
287 1345 333 1375 ut
349 1349 413 1375 me
431 1346 468 1376 et
486 1339 655 1391 appelles
673 1346 710 1378 et
728 1339 961 1392 interpelles,
977 1346 1015 1377 et
1028 1338 1235 1388 obloquare
1254 1342 1293 1374 et

163 1390 395 1442 colloquare,
419 1393 549 1431 velim.
590 1393 700 1441 Quid
728 1395 832 1433 enim
855 1393 955 1432 mihi
978 1405 1158 1431 suavius.
1149 1394 1166 1419 9
1197 1391 1292 1429 Non

165 1445 417 1494 (mehercule)
451 1448 658 1500 quisquam
685 1462 996 1494 μουσῡπατακτος
1012 1445 1195 1484 libentius
1224 1457 1295 1483 sua

165 1500 331 1539 recentia
353 1505 534 1553 poemata
557 1502 667 1554 legit,
680 1515 807 1569 ’quam
826 1515 897 1554 ego
915 1509 953 1540 te
972 1500 1087 1540 audio
1105 1500 1296 1552 quacum-

166 1566 244 1606 que
271 1554 320 1593 de
345 1567 400 1603 re,
430 1557 600 1608 publica,
631 1557 795 1608 privata,
827 1556 984 1604 rustica,
1014 1554 1176 1594 urbana.
1217 1552 1297 1592 Sed

167 1608 257 1647 moe,
285 1609 431 1648 factum
465 1619 520 1649 est
547 1611 696 1650 insulsa
713 1611 958 1657 verecundia,
988 1617 1034 1648 ut
1066 1616 1103 1648 te
1127 1607 1298 1661 proficis-

167 1675 258 1702 cens
293 1676 370 1702 non
406 1665 595 1704 tollerem.
637 1665 867 1728 opposuisti
903 1665 1020 1704 semel
1057 1677 1298 1701 αντεισακτον

169 1730 342 1765 causam,
380 1718 572 1758 Ciceronis
609 1721 730 1759 nostri
765 1719 1057 1764 valetudinem3
1102 1715 1296 1756 conticui.

167 1772 310 1810 iterum
340 1771 562 1822 [Cicerones
578 1775 613 1827 ς]
635 1774 781 1827 quievi.
815 1774 937 1813 Nunc
956 1772 1055 1811 mihi
1076 1771 1300 1822 jucundita-

168 1827 218 1865 tis
247 1827 362 1879 plena
389 1828 547 1880 epistola
568 1829 641 1868 hoc
672 1829 859 1881 adspersit
887 1827 1086 1876 moloetiae,
1110 1825 1215 1878 quod
1243 1824 1300 1863 vi·

169 1881 285 1930 deris,
316 1894 366 1921 ne
394 1882 493 1921 mihi
518 1883 702 1922 molestus
735 1896 847 1931 esses,
877 1882 1021 1921 veritus
1058 1893 1152 1929 esse,
1183 1887 1301 1930 atque

170 1935 289 1975 etiam
318 1949 422 1975 nunc
453 1937 586 1976 vereri.
624 1938 837 1990 Idtigarem
863 1944 1007 1985 tecum,
1034 1936 1066 1974 si
1086 1935 1145 1973 fas
1175 1940 1298 1972 esset·

171 1990 238 2030 sed
259 1991 511 2043 (mehercule)
530 1991 628 2030 istuc
647 1992 679 2031 si
707 2005 879 2044 unquam
904 1990 1117 2042 suspicatus
1142 2001 1219 2035 ero,
1239 1987 1303 2025 ni-

170 2045 229 2084 hil
258 2045 384 2084 dicam
413 2046 535 2094 aliud,
564 2046 638 2085 nisi
664 2048 834 2108 verebor,
865 2058 915 2084 ne
939 2044 1096 2097 quando
1121 2055 1191 2094 ego
1213 2041 1299 2090 tibi,

170 2112 263 2140 cum
281 2113 369 2139 sum
391 2100 485 2150 una,
505 2101 690 2140 molestus
713 2101 802 2139 sim.
839 2100 965 2139 Video
993 2106 1032 2137 te
1055 2095 1300 2149 ingemuisse.

168 2154 236 2195 Sic
253 2153 312 2205 fit,
334 2154 396 2193 ηδ’
418 2170 452 2194 εν
475 2169 535 2204 αιᾳ
550 2158 696 2202 εζησας.
728 2156 947 2208 Nunquam
966 2152 1071 2194 enim
1089 2151 1229 2200 dicam,
1259 2165 1300 2188 εα

171 2223 316 2255 πασας.
