1487 2432
401 80 799 130 ADATTICUM.
829 81 1028 121 Lm.1X.
1061 85 1099 121 4.
1274 87 1299 123 5

412 189 500 237 (3.)
530 188 744 229 clcERo
771 189 994 230 ATTICO
1023 192 1063 230 s.

228 295 392 333 Domitii
410 295 511 334 filius
526 297 673 335 transiit
692 297 866 336 Formias
880 297 993 336 VIII
1013 297 1122 345 Idus,
1142 311 1295 339 currens

170 349 222 388 ad
240 358 405 387 matrem
425 350 632 401 Neapolim
649 365 661 396 ;
691 351 865 401 mihique
890 352 1059 390 nuntiari
1073 353 1201 401 jussit,
1222 367 1292 404 pa-

171 411 270 442 trem
291 403 340 441 ad.
358 404 507 442 Urbem
527 417 631 449 esse3
663 417 752 442 cum
778 404 824 442 de
851 418 894 442 eo
925 405 1068 444 curiose
1098 407 1294 456 quaesisset

174 471 303 496 servus
332 464 458 495 noster
490 457 712 509 Dionysius.
756 459 840 496 Nos
870 465 999 496 autem
1031 459 1289 507 audieramus,

173 524 264 549 eum
282 511 512 562 profectum,
534 512 611 550 sive
636 512 685 549 ad
706 512 951 563 Pompeium,
973 512 1050 551 sive
1073 513 1114 550 in
1146 513 1292 565 Hispa-

174 565 291 603 niam.
323 564 372 603 Id
397 566 612 614 cujusmodi
640 566 701 613 sit,
729 566 821 604 scire
841 579 930 604 sane
952 566 1079 604 velim.
1110 567 1217 604 Nam
1243 567 1292 606 ad

173 618 228 667 id,
260 619 365 670 quod
397 619 580 667 delibero,
610 620 788 671 pertinet,
819 620 851 657 si
877 620 942 658 ille
972 628 1070 659 certe
1099 633 1293 672 nusquam

173 673 354 719 discessit,
378 672 589 724 intelligere
618 674 795 722 Cnaeum,
825 687 902 712 non
929 686 1007 712 esse
1031 674 1160 712 faciles
1182 675 1292 714 nobis

173 740 222 765 ex
242 726 356 765 Italia
374 727 513 774 exitus,
541 741 630 766 cum
650 741 693 766 ea
711 736 791 766 tota
818 728 934 766 armis
959 728 1220 780 praesidiisque
1237 735 1295 767 te·-

172 788 322 829 neatur,
348 781 475 819 hieme
493 782 716 832 praesertim.
744 782 866 829 Nam,
894 782 924 820 si
944 782 1180 820 commodius
1199 783 1291 820 anni

170 843 324 886 tempus
354 844 462 882 esset,
497 836 557 873 vel
591 837 720 875 lnfero
751 836 858 874 Mari
888 836 1016 875 liceret
1047 836 1116 874 uti.
1158 836 1291 884 Nunc,

171 889 269 927 nihil
282 896 420 940 potest,
446 889 520 927 nisi
545 890 705 941 Supero,
726 889 957 935 transmitti3
988 903 1064 941 quo
1082 889 1153 927 iter
1177 889 1294 927 inter-

171 944 323 981 clusum
342 950 411 982 est.
443 943 603 991 Quaeres
622 944 740 995 igitur
754 952 792 982 et
805 944 853 983 de
870 943 1046 982 Domitio
1064 951 1101 981 et
1120 943 1167 982 de
1185 944 1293 982 Len-

170 998 267 1036 tulo.

225 1052 266 1090 A
291 1049 499 1090 Brundisio
524 1051 633 1089 nulla
662 1052 787 1091 adhuc
811 1052 917 1090 fama
938 1058 1118 1090 venerat:
1149 1059 1186 1091 et
1212 1057 1292 1090 erat

169 1106 233 1145 hic
251 1106 330 1144 dies
342 1106 429 1144 VII
447 1104 556 1152 Idus,
573 1119 649 1156 quo
664 1107 739 1154 die,
756 1106 1056 1158 suspicabamur,
1073 1114 1140 1144 aut
1152 1105 1290 1158 pridie,

168 1159 425 1198 Brundisium
437 1158 583 1197 venisse
596 1159 786 1198 Caesarem
803 1175 813 1198 ε
844 1173 936 1198 nam
952 1160 1035 1198 Cal.
1050 1160 1170 1211 Arpis
1181 1171 1292 1198 man-

169 1222 278 1253 serat.
312 1213 402 1260 Sed,
423 1212 455 1251 si
473 1213 707 1252 Postumum
727 1214 858 1252 audire
877 1214 1006 1262 velles,
1026 1220 1291 1264 persecuturus

167 1276 248 1307 erat
272 1268 463 1307 Cnaeum:
495 1269 673 1306 transisse
702 1268 805 1306 enim
832 1269 914 1317 jam
937 1270 1111 1319 putabat,
1143 1268 1290 1317 conjec-

167 1323 256 1361 tura
272 1327 546 1373 tempestatum
572 1334 615 1359 ac
638 1322 798 1361 dierum.
829 1321 916 1372 Ego
938 1330 1074 1360 nautas
1097 1334 1186 1359 eum
1211 1334 1289 1359 non

166 1379 352 1428 putabam
381 1374 636 1414 habiturum:
665 1377 731 1415 ille
761 1376 987 1423 confidebat,
1015 1382 1052 1414 et
1078 1388 1121 1413 eo
1150 1375 1286 1426 magis,

166 1431 272 1481 quod
304 1430 435 1469 audita
464 1428 706 1469 naviculariis
739 1430 905 1469 hominis
937 1429 1143 1468 liberalitas
1177 1436 1286 1468 esset.

164 1485 244 1523 Sed
271 1492 350 1524 tota
374 1497 432 1522 res
457 1483 694 1523 Brundisina
715 1486 799 1534 jam
826 1496 905 1536 quo
929 1483 1045 1522 modo
1073 1483 1213 1522 habeat
1231 1496 1284 1532 se,

167 1539 312 1578 diutius
331 1537 473 1578 nescire
492 1548 570 1574 non
589 1552 761 1591 possum.

402 1697 488 1749 (4.)
518 1697 731 1738 CICERO
758 1695 982 1736 ATTICO
1011 1697 1051 1736 S.

218 1807 306 1858 Ego
336 1807 405 1845 etsi
434 1807 584 1846 tamdiu
615 1806 823 1859 requiesco,
854 1804 1042 1857 quamdiu
1074 1810 1142 1842 aut
1170 1803 1220 1842 ad
1251 1811 1288 1842 te

169 1861 306 1908 scribe,
340 1868 408 1899 aut
435 1869 521 1900 tuas
549 1862 678 1900 literas
709 1861 821 1911 lego;
851 1867 981 1898 tamen
1015 1866 1052 1897 et
1083 1858 1164 1909 ipse
1196 1871 1288 1909 egeo

168 1922 396 1965 argumento
415 1916 677 1967 epistolarum,
709 1922 747 1953 et
771 1914 842 1952 tibi
870 1913 974 1951 idem
996 1912 1163 1951 accidere
1188 1920 1289 1950 certo

170 1968 257 2007 scio.
288 1968 390 2016 Quae
409 1970 513 2008 enim
538 1971 662 2008 soluto
684 1969 814 2007 animo
837 1967 1074 2006 familiariter
1098 1966 1210 2005 scribi
1228 1978 1290 2004 so-

169 2022 265 2071 lent,
285 2025 523 2075 temporibus
550 2024 610 2062 his
630 2023 909 2062 excluduntur:
944 2035 1031 2073 quae
1050 2027 1180 2058 autem
1199 2026 1289 2058 sunt

169 2075 309 2115 horum
328 2084 562 2130 temporum,
584 2092 628 2116 ea
647 2079 730 2127 jam
752 2075 1010 2115 contrivimus.
1041 2074 1117 2113 Sed
1143 2082 1288 2120 tamen,

171 2142 223 2168 ne
238 2143 302 2169 me
326 2138 451 2171 totum
482 2132 701 2184 aegritudini
730 2131 884 2178 dedam,
910 2130 1030 2168 sumsi
1055 2128 1151 2166 mihi
1177 2139 1292 2180 quas-

168 2183 259 2230 dam
279 2192 477 2238 tamquam
497 2189 635 2235 Ξτεσεις,
656 2199 742 2237 quae
766 2193 803 2224 et
831 2184 995 2237 politicae
1007 2191 1118 2275 Ξυῃῐ,
1139 2189 1176 2220 et
1195 2189 1293 2220 tem-

960 2250 985 2277 u
