1477 2365
391 99 475 139 AD
502 98 785 139 ATTICUM.
813 101 914 140 Lm.
941 100 995 140 X.
1026 102 1065 140 2.
1246 103 1293 142 <ss

92 208 94 211 ’
163 210 233 248 iste
252 208 490 248 Summanus
515 208 550 247 ei
574 216 700 260 potaet
723 209 964 260 persuadere,
992 216 1051 257 ut,
1079 209 1176 249 dum
1205 223 1291 250 ora-

165 270 263 302 tores
292 269 380 301 eant
409 270 446 301 et
475 262 645 311 redeant,
673 263 852 315 quiescat.
886 263 1000 302 Nihil
1029 263 1154 311 video,
1184 265 1290 316 quod

163 329 326 369 sperem,
347 323 415 355 aut
433 316 539 369 quod
553 318 637 367 jam
654 325 790 369 putem
810 318 891 356 fien’
908 331 1045 370 posse;
1077 318 1143 356 sed
1161 326 1290 358 tamen

162 371 235 410 hoc
251 371 378 422 ipsum
399 379 455 409 est
476 384 598 409 unum
623 387 693 409 των
713 378 1022 409 πολιτικωτατων
1046 386 1286 422 σκεμματων,

164 427 192 448 “
202 425 482 463 veniendumne
495 425 544 463 sit
558 426 599 464 in
612 426 814 465 consilium
831 425 998 477 tyranni,
1008 426 1039 464 si
1051 426 1082 463 is
1094 426 1225 478 aliqua
1239 427 1287 466 de

161 491 202 518 re
220 480 322 518 bon‘a
339 479 617 519 deliberaturus
641 480 730 518 sit-’⁹
761 480 910 528 Quare,
932 480 964 518 si
990 479 1084 532 quid
1099 481 1288 529 ejusmodi

162 533 340 580 evenerit,
361 541 406 571 ut
428 547 674 581 arcessamur,
706 534 827 586 (quod
853 534 1032 586 equidem
1062 547 1140 572 non
1166 548 1284 573 curo.
1273 550 1284 559 ·

162 587 257 640 quid
279 588 382 626 enim
409 601 528 626 essem
548 589 596 627 de
614 602 706 641 pace
732 589 917 634 dicturus,
938 588 1045 635 dixi3
1075 589 1157 640 ipse
1176 589 1288 628 valde

161 642 392 693 repudiavit)
412 643 477 680 sed
495 650 641 690 tamen,
658 643 689 681 si
708 643 803 695 quid
815 643 1005 689 acciderit,
1024 643 1118 696 quid
1138 656 1287 682 censeas

161 695 259 734 mihi
288 696 520 745 faciendum,
555 698 690 749 utique
722 698 884 736 scribito.
916 697 1030 735 Nihil
1057 697 1159 736 enim
1189 698 1287 736 mihi

161 750 288 788 adhuc
306 751 455 799 accidit,
477 752 581 803 quod
598 753 755 802 majoris
779 752 924 790 consilii
943 760 1050 790 esset.

214 804 402 854 Trebatii,
434 806 525 844 110111
550 806 622 844 viri
647 815 683 845 et
708 806 813 853 civis,
843 806 968 845 verbis
993 815 1030 845 te
1052 807 1201 858 gaudeo
1220 806 1286 846 de-

158 859 345 897 lectatum
363 874 373 898 ι
405 869 549 912 tuaque
567 861 639 899 ista
653 863 783 899 crebra
803 869 941 904 εκφωνη
952 875 1022 907 cm,
1035 861 1202 909 ’Τπερευ,
1223 875 1287 900 1110

159 913 241 952 5013
265 913 390 952 adhuc
418 914 630 953 delectavit.
661 915 810 953 Literas
835 922 920 953 tuas
946 914 1190 954 vehementer
1219 929 1286 954 ex-

162 974 304 1019 specto,
323 982 419 1019 quas
439 969 595 1020 quidem
616 969 726 1007 credo
741 970 824 1019 jam
843 969 950 1006 datas
970 982 1062 1007 esse.

215 1021 282 1059 Tu
301 1035 390 1061 cum
411 1023 527 1061 Sexto
547 1024 702 1061 servasti
714 1023 940 1075 gravitatem
961 1023 1150 1071 eamdem,
1167 1037 1287 1075 quam

158 1075 257 1114 mihi
288 1076 474 1128 praecipis.
506 1077 617 1116 Celer
642 1086 732 1115 tuus
755 1077 916 1116 disertus
942 1078 1065 1129 magis
1092 1085 1147 1116 est
1166 1091 1286 1130 quam

158 1130 319 1181 sapiens.
350 1130 414 1169 De
439 1131 661 1181 juvenibus,
683 1145 771 1184 quae
796 1144 844 1170 ex
863 1131 1000 1170 Tullia
1019 1131 1177 1181 audisti,
1198 1145 1286 1171 vera

159 1192 262 1223 sunt.

217 1237 300 1288 [Μ.
321 1238 508 1292 Antonii]
528 1240 646 1288 istud,
668 1239 774 1292 quod
803 1239 946 1287 scribis,
968 1252 1045 1278 non
1064 1240 1162 1278 mihi
1181 1240 1286 1279 vide-

158 1300 223 1331 tur
241 1300 322 1333 tam
351 1306 392 1331 re
411 1307 489 1332 esse
509 1294 628 1342 triste,
649 1307 768 1346 quam
787 1296 914 1332 verbo.
944 1294 1043 1332 Haec
1070 1302 1126 1332 est
1148 1293 1281 1347 [ozam]

158 1347 200 1385 in
220 1348 298 1400 qua
317 1360 422 1387 nunc
441 1361 590 1397 sumus,
617 1349 752 1387 mortis
778 1348 909 1386 instar.
939 1349 1025 1386 Aut
1055 1348 1159 1387 enim
1187 1348 1285 1387 mihi

157 1401 305 1441 libere
294 1411 394 1441 inter
411 1403 533 1442 malos
553 1411 680 1440 πολιτε
685 1418 781 1439 υτεον
798 1402 888 1449 fuit,
909 1410 976 1441 aut
995 1402 1055 1441 vel
1075 1403 1285 1454 periculose

157 1469 248 1495 cum
280 1457 403 1496 bonis.
434 1457 522 1495 Aut
549 1470 618 1495 nos
646 1457 900 1495 temeritatem
928 1458 1118 1495 bonorum
1149 1470 1286 1508 sequa-

156 1522 260 1560 mur,
276 1519 344 1550 aut
354 1511 555 1550 audaciam
566 1511 832 1563 improborum
845 1511 1087 1549 insectemur.
1118 1511 1285 1550 Utrum-

157 1577 234 1616 que
277 1566 534 1618 periculosum
568 1574 648 1604 est:
690 1573 729 1604 at
757 1566 844 1614 hoc,
876 1565 982 1617 quod
1011 1566 1178 1617 agimus,
1212 1578 1283 1605 nec

158 1625 284 1671 turpe,
305 1633 374 1659 nec
392 1628 522 1659 tamen
542 1627 683 1658 tutum.

212 1673 354 1722 Istum,
376 1675 444 1727 qui
462 1675 587 1713 filium
610 1674 868 1713 Brundisium
893 1674 940 1713 de
958 1688 1051 1726 pace
1078 1674 1196 1722 misit,
1219 1674 1284 1717 (de

158 1741 252 1780 pace
270 1728 373 1767 idem
393 1729 527 1778 sentio,
549 1729 654 1780 quod
668 1736 711 1767 tu
727 1743 738 1774 ;
770 1729 1054 1767 simulationem
1075 1742 1156 1767 esse
1175 1742 1285 1780 aper-

159 1790 254 1830 tam,
273 1783 400 1835 parari
418 1791 548 1822 autem
567 1783 714 1822 bellum
729 1782 928 1832 acerrime)
948 1784 1122 1833 legatum
1140 1783 1187 1820 iri
1205 1796 1283 1821 non

159 1837 344 1884 arbitror;
376 1839 485 1887 cujus
504 1838 644 1885 adhuc,
665 1845 709 1875 ut
728 1837 871 1889 optavi,
892 1837 1038 1876 mentio
1056 1837 1156 1876 facta
1174 1837 1284 1876 nulla

159 1890 219 1928 sit.
248 1892 310 1930 Eo
329 1892 459 1930 minus
476 1893 600 1931 habeo
627 1905 777 1931 necesse
797 1891 972 1939 scribere,
992 1899 1060 1930 aut
1086 1891 1202 1930 etiam
1221 1904 1284 1930 co-

156 1945 291 1996 gitare,
312 1946 407 1999 quid
425 1946 498 1985 sim
515 1946 700 1995 facturus,
721 1946 754 1985 si
773 1946 962 1993 acciderit,
981 1952 1026 1984 ut
1042 1947 1159 1998 leger.

387 2053 479 2108 (2.)
519 2054 732 2095 CICERO
760 2053 984 2094 ATTICO
1013 2055 1053 2094 S.

211 2162 300 2215 Ego
328 2176 418 2202 cum
455 2163 681 2216 accepissem
711 2171 796 2203 tuas
827 2163 956 2202 literas
988 2163 1031 2201 Ν
1033 2163 1116 2201 01115
1150 2162 1282 2214 April.

158 2230 255 2270 quas
274 2217 460 2270 Cephalio
479 2219 673 2268 attulerat,
694 2231 894 2270 essemque
913 2217 1128 2310 {igtumis
1145 2217 1284 2269 postri-
