1467 2401
279 56 361 103 AD
389 56 672 100 ATTICUM.
703 57 804 97 LIB.
825 56 903 96 XI.
932 56 999 95 21¹.
1146 50 1201 91 93

291 164 412 217 (21.)
443 165 658 207 CICERO
685 165 909 206 ATTICO
939 165 981 204 s,

140 268 293 324 Accepi,
320 273 385 313 VI
422 274 508 313 Cal.
539 275 797 327 Septembres,
826 275 955 313 literas
984 285 1007 311 a
1032 279 1070 309 te
1099 269 1208 307 datas

127 322 171 363 ῙῙ
201 325 417 368 Calendas:
448 329 710 381 doloremque,
737 343 854 381 quem
881 342 929 366 ex
961 325 1102 375 Quinti
1128 337 1208 362 sce-

81 375 159 417 lere
174 379 409 432 jampridem
428 391 627 435 acceptum
649 385 731 434 jam
758 386 986 434 abjeceram,
1007 380 1105 418 lecta
1125 379 1208 427 ejus

84 432 260 486 epistolii,
280 437 548 486 gravissimum
569 438 662 490 cepi.
695 439 760 476 Tu
777 438 847 476 etsi
864 449 941 475 non
957 433 1115 488 potuisti
1129 432 1210 470 ullo

84 487 202 526 modo
219 488 342 528 facere
360 499 404 529 ut
428 491 526 529 mihi
552 492 662 530 illam
691 493 892 544 epistolam
915 503 993 529 non
1012 488 1210 529 mitterem

85 546 216 580 tamen
241 545 399 583 mallem
426 558 504 584 non
523 559 603 585 esse
621 547 792 585 missam,
821 546 890 584 Ad
909 558 954 583 ea
972 550 1103 584 autem
1124 553 1212 591 quae

85 595 218 634 scribis
250 597 297 636 de
328 606 570 649 testamento,
600 601 760 648 videbis,
789 600 898 653 quid,
920 606 957 637 et
980 610 1058 650 quo
1082 593 1212 633 modo.

85 646 150 687 De
167 653 340 691 nummis
365 662 403 692 et
413 654 481 692 ina
500 654 552 693 sic
578 656 742 706 scripsit,
768 663 813 693 ut
841 667 912 706 ego
934 653 985 691 ad.
1010 661 1047 690 te
1072 656 1213 693 antea;

81 709 126 796 {t
143 716 227 755 1108,
248 707 280 745 si
299 708 395 759 quid
412 721 510 760 opus
536 708 620 758 erit,
641 717 796 748 utemur
815 722 864 747 ex
883 721 942 758 eo,
962 707 1009 745 de
1028 717 1106 758 quo
1126 702 1218 741 scri-

115 770 160 796 is.

143 811 218 852 Ille
237 815 286 853 ad
298 815 381 855 Cal.
396 817 502 870 Sept.
518 818 687 857 Athenis
701 830 779 856 non
794 816 945 855 videtur
959 814 1052 854 fore.
1083 812 1218 851 Multa

89 879 181 906 eum
206 868 246 906 in
269 871 368 909 Asia
395 872 576 912 dicuntur
603 873 759 920 morari,
786 871 960 909 maxime
984 869 1214 906 Pharnaces.

85 920 213 973 ‚Legio
231 924 337 970 ΧΠ,
358 926 408 964 ad
427 939 546 977 quam
565 927 738 977 primum
758 925 868 964 Sulla
886 923 1005 970 venit,
1024 920 1220 973 lapidibus

91 977 212 1027 egisse
230 978 429 1017 hominem
449 980 598 1018 dicitur.
631 980 796 1018 Nullam
818 986 958 1029 putant
987 989 1026 1015 se
1051 986 1222 1014 commo-

89 1035 232 1069 turam.
263 1031 384 1073 Illum
405 1034 636 1072 arbitrantur
651 1033 826 1085 protinus
839 1032 964 1070 Patris
982 1031 1022 1068 in
1036 1028 1221 1070 Siciliam.

91 1084 184 1134 Sed,
206 1087 238 1124 si
262 1088 336 1127 hoc
361 1089 416 1126 ita
443 1096 512 1137 est,
532 1088 610 1127 huc
629 1087 756 1126 veniat
782 1099 931 1125 necesse
950 1092 1029 1124 est:
1061 1097 1105 1122 ac
1123 1082 1224 1120 mal-

91 1138 171 1177 lem
188 1140 330 1180 illum:
360 1143 491 1194 aliquo
514 1143 617 1181 enim
636 1142 726 1180 hinc
751 1141 965 1180 evasissem.
996 1140 1116 1177 Nune
1141 1149 1224 1174 me-

92 1199 175 1243 tuo,
205 1208 255 1234 ne
280 1196 328 1234 sit
350 1197 680 1248 exspectandum;
711 1204 761 1244 et,
790 1208 879 1234 cum
905 1193 1076 1246 reliquis,
1106 1191 1225 1230 etiam

91 1247 166 1286 loci
183 1250 349 1300 gravitas
366 1252 432 1290 hic
450 1251 665 1290 miserrime
683 1249 921 1302 perferenda.

149 1303 269 1351 Quod
299 1318 363 1343 me
391 1318 525 1344 mones
551 1314 595 1344 ut
624 1319 668 1344 ea
687 1305 854 1351 videam,
886 1317 975 1354 quae
997 1300 1047 1340 ad
1071 1308 1227 1351 tempus

94 1359 407 1406 accommodem3
437 1360 616 1407 facerem,
649 1359 680 1398 si
707 1372 765 1397 res
791 1365 998 1410 pateretur,
1020 1363 1058 1394 et
1088 1355 1120 1392 si
1146 1354 1228 1391 ullo

94 1412 211 1450 modo
230 1413 314 1452 fieri
330 1423 468 1466 posset.
499 1414 590 1462 Sed,
603 1415 643 1452 in
663 1413 779 1452 tantis
794 1411 931 1450 nostris
950 1409 1128 1463 peccatis,
1142 1415 1229 1446 tan-

97 1464 224 1518 tisque
241 1476 460 1507 nostrorum
484 1468 650 1519 injuriis,
676 1467 775 1505 nihil
803 1474 873 1513 est,
895 1465 999 1518 quod
1018 1471 1085 1502 aut
1103 1462 1228 1500 facere

96 1519 262 1572 dignum
288 1523 413 1570 nobis,
440 1530 508 1561 aut
530 1523 724 1569 simulare,
750 1521 906 1573 possim.
949 1518 1110 1558 Sullana
1138 1529 1230 1555 con-

98 1574 197 1614 fers:
238 1576 279 1616 in
313 1577 455 1629 quibus
484 1577 616 1615 omnia
648 1589 785 1628 genere
817 1575 902 1627 ipso
934 1570 1227 1625 praeclarissima.

99 1627 272 1678 fuerunt,
292 1631 551 1670 moderatione
578 1632 696 1683 paulo
720 1631 850 1668 minus
878 1633 1101 1679 temperata.
1132 1625 1231 1664 Haec

98 1692 231 1730 autem
256 1686 445 1735 ejusmodi
470 1694 574 1735 sunt,
600 1693 646 1724 ut
670 1685 872 1724 obliviscar
890 1683 995 1727 mei3
1025 1681 1231 1730 multoque

102 1739 254 1788 malim,
285 1739 391 1792 quod
415 1740 595 1781 omnibus
615 1740 664 1779 sit
694 1739 847 1786 melius,
876 1748 1044 1789 quorum
1073 1732 1234 1773 utilitati

102 1805 233 1831 meam
248 1794 375 1844 junxi.
406 1795 472 1833 Tu
493 1795 541 1833 ad
567 1807 630 1832 me
649 1801 793 1839 tamen,
813 1792 945 1839 velim,
966 1802 1085 1842 quam
1105 1787 1236 1839 saepis-

103 1847 200 1886 sime
218 1848 371 1896 scribas,
393 1862 513 1900 eoque
532 1849 669 1899 magis,
686 1847 790 1900 quod
808 1854 991 1898 praeterea
1009 1855 1124 1882 nemo
1144 1841 1238 1880 scri-

106 1902 190 1940 bit:
228 1916 286 1952 ac,
317 1903 349 1940 si
381 1915 527 1952 omnes,
553 1911 638 1941 tuas
670 1910 802 1941 tamen
831 1900 1003 1939 maxime
1040 1906 1237 1949 exspecta-

108 1969 202 1994 rem.

163 2010 281 2059 Quod
300 2012 445 2060 scribis,
466 2012 580 2050 illum
600 2025 668 2064 per
692 2023 756 2049 me
780 2009 930 2058 Quinto
953 2008 1033 2046 fore
1054 2004 1240 2058 placatio-

107 2077 218 2110 remz
249 2067 380 2118 scripsi
410 2067 460 2105 ad
491 2074 529 2105 te
555 2075 681 2113 antea,
704 2078 794 2103 eum
824 2063 955 2102 statim
980 2061 1131 2110 Quinto
1158 2058 1240 2097 filio

108 2119 240 2165 omnia
256 2120 457 2169 tribuisse;
486 2121 605 2160 nostri
623 2120 772 2160 nullam
791 2117 1040 2159 mentionem.
1070 2113 1182 2155 Vale„
