1467 2401
233 98 288 137 86
431 98 511 137 AD
539 95 1160 138 ATTICUM.L11³.X1.14·.

232 206 435 246 scriberes.
458 214 496 245 et
514 220 670 259 aequum
689 207 909 259 postulant;
931 212 982 253 et,
997 204 1190 258 quidquid
1200 205 1373 268 egisses,

233 269 333 300 recte
353 275 431 300 esse
450 269 510 300 act
511 275 579 299 um
594 270 784 313 putarem.
818 261 881 299 De
901 259 1023 298 fundo
1042 260 1237 298 Frusinati
1255 261 1356 298 redi-

233 315 399 354 mendo
385 329 467 366 jam
480 315 629 367 pridem
641 315 862 354 intellexisti
871 315 1108 354 voluntatem
1122 327 1266 353 meam:
1288 314 1358 353 etsi

236 377 322 408 tum
337 370 494 408 meliore
511 370 594 408 loco
614 383 672 408 res
691 378 799 408 erant
822 377 974 415 nostrae,
990 381 1116 430 neque
1136 367 1237 418 [tam
1261 368 1361 407 mihi

236 423 483 475 desperatum
514 424 561 462 iri
590 424 814 463 videbatur·
803 426 838 476 ,]
880 431 1010 462 tamen
1041 423 1082 460 in
1107 422 1242 461 eadem
1269 435 1361 461 sum

236 479 445 517 voluntate.
476 478 525 516 Id
555 478 886 531 quemadmodum
918 478 999 524 fiat,
1031 484 1074 515 tu
1104 476 1282 516 videbis.
1322 484 1363 516 et

237 532 368 581 velim,
390 532 536 584 (quoad
554 531 712 584 poteris)
735 532 958 593 consideres,
979 538 1024 570 ut
1042 531 1104 577 sit,
1131 530 1235 569 unde
1253 531 1363 570 nobis

239 586 532 638 suppeditentur
555 600 622 625 su}
616 594 705 624 itus
725 586 933 625 necessarii.
973 585 1015 624 Si
1038 598 1134 636 quas
1152 585 1363 624 habuimus

235 640 448 689 facultates,
469 653 531 680 eas
553 641 740 691 Pompeio
760 648 859 689 tum,
881 653 971 679 cum
996 639 1036 677 id
1056 639 1282 678 videbamur
1300 652 1362 678 sa-

238 694 387 746 pienter
411 695 548 743 facere,
569 695 789 733 detulimus.
821 695 960 746 Itaque
987 701 1073 731 tum
1099 701 1136 732 et
1163 707 1186 731 a
1204 700 1272 731 tuo
1291 693 1364 732 vil-

236 749 310 787 lico
329 750 552 796 sumsimus,
565 759 602 788 et
616 749 771 788 aliunde
783 748 953 787 mutuati
967 761 1114 795 sumus,
1131 760 1222 786 cum
1236 746 1367 795 Quin-

239 810 301 842 tus
319 811 540 855 quereretur
558 817 625 855 per
643 804 786 852 literas,
807 803 880 841 sibi
898 815 967 841 nos
986 802 1083 840 nihil
1101 802 1276 849 dedisse3
1295 801 1366 854 qui

239 870 365 909 neque
384 859 432 896 ab
451 858 518 896 1110
536 857 659 909 rogati
681 871 829 905 sumus,
855 870 980 908 neque
1004 856 1079 907 ipsi
1104 869 1190 894 eam
1208 855 1368 907 pecuni-

242 925 308 950 am
337 911 597 972 adspeximus.
638 911 714 950 Sed
740 912 856 950 velim
879 910 1022 957 videas,
1053 910 1149 962 quid
1174 910 1237 958 sit,
1262 909 1370 962 quod

242 966 376 1005 confici
395 966 526 1017 possit,
540 965 711 1017 quidque
728 965 827 1004 1111111
845 965 892 1004 de
910 965 1090 1004 omnibus
1108 964 1175 1003 des
1193 963 1368 1004 0011511111

246 1027 284 1059 et
303 1033 458 1059 causam
476 1020 589 1058 nosti.

300 1074 422 1112 Plura
440 1087 489 1113 ne
508 1074 685 1122 scribam,
712 1073 841 1113 dolore
860 1073 1062 1126 impedior.
1100 1072 1143 1112 Si
1167 1072 1263 1126 quid
1284 1072 1371 1122 erit,

244 1128 350 1181 quod
368 1128 418 1167 ad
437 1142 533 1180 quos
551 1128 796 1167 scribendum
813 1141 900 1167 meo
919 1128 1075 1167 nomine
1092 1134 1219 1180 putes,
1239 1128 1371 1175 velim,

245 1191 290 1222 ut
309 1184 418 1231 soles,
442 1183 586 1222 facias:
618 1183 844 1235 quotiesque
867 1182 1041 1232 habebis,
1068 1182 1132 1222 cui
1156 1182 1223 1222 des
1240 1182 1288 1222 ad
1307 1194 1374 1222 me

247 1237 390 1287 literas,
410 1238 532 1278 nolim
551 1237 831 1290 praetermittas.
859 1237 974 1277 Vale.

469 1399 584 1453 (14.)
623 1398 841 1442 CICERO
869 1398 1094 1441 ATTICO
1123 1401 1165 1441 S.

305 1508 399 1547 Non
421 1521 484 1548 me
509 1509 668 1548 offendit
693 1509 829 1549 veritas
854 1510 1053 1549 literarum
1077 1517 1248 1571 tuarum,
1272 1510 1392 1563 quod

250 1576 314 1603 me
345 1564 455 1616 (cum
488 1565 773 1611 communibus,
811 1573 897 1603 tum
929 1564 1132 1616 praecipuis
1163 1564 1276 1603 malis
1307 1578 1378 1617 op-

252 1625 445 1670 pressum)
473 1631 521 1656 ne
548 1618 684 1670 incipis
707 1619 880 1671 quidem,
903 1626 948 1658 ut
974 1619 1134 1667 solebas,
1165 1619 1377 1667 consulam

253 1672 461 1724 faterisque
479 1672 520 1710 id
538 1672 650 1711 fieri
635 1687 719 1723 Jam
738 1686 816 1712 non
835 1686 956 1725 posse.
986 1673 1026 1711 N
1029 1686 1071 1711 ec
1089 1672 1193 1711 enim
1212 1686 1257 1712 ea
1274 1682 1379 1724 sunt,

255 1740 344 1779 quae
362 1734 468 1765 erant
487 1734 613 1774 antea,
634 1740 738 1774 cum,
758 1735 803 1766 ut
820 1728 920 1766 nihil
944 1727 1066 1776 aliud,
1087 1727 1244 1766 comites
1261 1741 1326 1767 me
1343 1739 1382 1771 et

254 1780 372 1820 socios
390 1781 531 1820 habere
548 1784 747 1833 putabam.
777 1782 928 1821 Omnes
946 1781 1049 1820 euim
1067 1781 1233 1821 Achaici
1250 1782 1386 1836 depre-

257 1842 415 1881 catores,
448 1835 544 1874 item
577 1836 646 1888 qui
677 1837 718 1875 in
746 1836 859 1885 Asia,
894 1836 1035 1889 quibus
1066 1848 1144 1874 non
1164 1843 1245 1875 erat
1275 1837 1388 1900 13110.

254 1895 356 1935 tum,
378 1889 494 1927 etiam
513 1890 653 1942 quibus
669 1899 762 1938 erat,
781 1890 1012 1930 inAfricam
1031 1890 1212 1929 dicuntur
1228 1903 1280 1930 na

256 1943 346 1986 turi.
380 1943 456 1992 Ita,
473 1952 610 1995 praeter
627 1945 810 1994 Laelium,
830 1945 1026 1984 neminem
1043 1945 1166 1984 habeo
1185 1945 1309 1998 culpae
1326 1960 1388 1987 so-

257 1998 387 2037 cium:
429 1998 498 2050 qui
531 2006 659 2038 tamen
692 1999 764 2038 hoc
786 2000 943 2039 meliore
970 1999 1012 2038 in
1041 1999 1156 2038 081158
1178 2007 1248 2047 est,
1282 2003 1389 2064 quod

255 2053 339 2102 jam
366 2059 424 2091 est
441 2060 626 2105 receptus.
661 2053 727 2092 De
748 2067 812 2092 me
837 2062 982 2102 autem,
1009 2066 1087 2092 non
1116 2053 1266 2102 dubito,
1293 2057 1389 2108 quin

261 2107 311 2145 ad
333 2107 507 2147 Balbum
535 2116 573 2146 et
603 2108 652 2147 ad
673 2108 852 2160 Oppium
877 2108 1093 2161 scripserit:
1123 2121 1148 2147 a
1169 2108 1388 2173 quibus,s1

261 2161 357 2213 quid
376 2168 473 2200 esset
491 2161 629 2209 laetius,
651 2163 786 2201 certior
804 2163 926 2202 factus
946 2175 1095 2202 essem·
1126 2170 1253 2202 tecum
1272 2165 1389 2204 etiam

263 2224 387 2257 essent
403 2216 549 2256 locuti·
539 2245 549 2254 .
581 2216 814 2268 quibuscum
840 2224 884 2257 tu
910 2217 958 2257 de
979 2217 1086 2257 hoc
1075 2230 1158 2266 ipso
1177 2217 1393 2273 colloquare
