1487 2432
213 101 240 138 ’4
411 102 494 140 AD
521 100 813 142 ATTICUM.
843 103 945 141 Lm.
968 103 1045 142 IX.
1077 105 1115 142 2.

212 207 329 246 fuisse
346 209 561 257 inimicum,
588 218 633 248 ut
662 223 710 249 ne
738 210 922 249 honorem
947 210 1105 263 quidem
1132 224 1156 249 a
1180 224 1219 250 se
1236 210 1334 250 acci·

213 273 303 312 pere
321 263 469 301 vellem.
498 264 656 311 Quanto
685 277 788 303 nunc
816 265 888 303 hoc
912 265 1015 303 idem
1040 264 1199 316 accipiet
1223 277 1332 315 aspe-

212 314 292 352 rius
309 315 319 352 2
351 324 456 354 tanto
475 317 626 365 scilicet,
647 325 791 370 quanto
810 325 847 357 et
864 319 986 357 honor
1002 318 1064 356 hic
1083 318 1150 356 illo
1169 326 1226 358 est
1248 330 1333 356 am-

209 368 324 419 plior,
345 378 381 407 et
400 370 479 421 ipse
497 372 696 410 robustior.

268 422 308 460 N
311 436 392 470 am,
410 424 513 476 quod
533 437 647 476 negas
667 434 704 464 te
729 425 917 475 dubitare,
932 426 1027 478 quin
1053 426 1197 476 magna
1214 426 1255 463 in
1274 425 1332 463 of-

212 476 319 514 fensa
343 477 415 515 sim
435 479 538 529 apud
558 479 789 531 Pompeium
809 480 881 518 hoc
899 489 1095 531 tempore;
1125 492 1202 517 non
1222 479 1332 518 video

211 542 380 579 causam,
401 545 467 569 cur
481 533 535 570 ita
549 533 611 580 sit,
632 534 704 571 hoc
732 534 888 584 quidem
908 542 1089 585 tempore.
1120 533 1203 581 Qui
1222 533 1328 571 enim

213 584 351 622 amisso
388 585 557 624 Corfinio
590 587 754 638 denique
781 587 976 626 certiorem
1004 600 1071 625 me-
1096 586 1156 625 sui
1186 586 1331 625 consilii

211 637 312 686 fecit,
332 639 364 676 is
383 647 575 691 queretur,
596 641 851 679 Brundisium
877 654 940 679 me
959 653 1036 679 non
1055 640 1216 688 venisse,
1237 652 1328 678 cum

209 690 308 729 inter
326 706 388 731 me
407 701 444 731 et
461 694 715 732 Brundisium
737 693 866 733 Caesar
880 695 1003 733 esset?
1032 694 1198 742 Deinde,
1215 694 1331 732 etiam

201 745 279 783 scit
306 749 603 797 απαρῥησιαστον
627 761 706 786 esse
724 749 765 786 in
791 748 834 787 eii
852 749 966 787 causa
991 749 1188 800 querelam
1207 760 1330 786 suam.

211 797 282 836 Me
299 808 410 851 putat
428 800 475 838 de
493 801 791 853 municipiorum
814 803 1089 850 imbecillitate,
1109 802 1157 840 de
1176 801 1331 840 delecti-

204 853 294 900 bus,
316 854 362 892 de
381 867 487 906 pace,
509 855 556 893 de
575 856 696 904 Urbe,
727 856 775 894 de
793 856 970 907 pecunia,
991 857 1038 895 de
1057 856 1199 894 Piceno
1217 868 1329 894 occu-

206 907 348 957 pando,
377 909 465 959 plus
494 908 645 958 vidisse,
677 923 796 961 quam
830 923 880 948 se.
917 910 1000 958 Sin,
1035 922 1124 948 cum
1153 916 1328 961 potuero,

206 972 284 998 non
313 975 475 1008 venero3
506 970 590 1000 tum
616 963 686 1001 erit
713 964 915 1002 inimicus:
947 964 1052 1014 quod
1077 976 1148 1014 ego
1177 974 1255 1002 non
1283 976 1328 1002 eo

207 1027 350 1066 vereor,
372 1028 419 1054 ne
437 1016 535 1054 mihi
553 1024 685 1055 noceat
701 1031 712 1055 ε
745 1017 858 1069 (quid
878 1013 981 1056 enim
998 1017 1112 1055 faciet
1129 1019 1146 1055 ?

315 1112 374 1149 Τις
393 1105 418 1143 δ’
441 1122 521 1144 εστι
542 1104 678 1155 ἓουλος,
699 1120 760 1143 του
779 1108 895 1142 &mena
914 1114 1086 1157 appo-³773·
1105 1122 1150 1143 ων
1163 1103 1197 1156 3)

207 1181 274 1220 sed
287 1180 378 1231 quia
395 1179 535 1231 ingrati
548 1179 668 1217 animi
690 1179 833 1218 crimen
851 1179 997 1218 horreo.
1027 1179 1191 1218 Confido
1208 1180 1327 1231 igitur

207 1235 414 1273 adventum
444 1242 617 1272 nostrum
642 1234 714 1282 iffi,
745 1246 901 1285 quoquo
923 1244 1092 1285 tempore
1120 1234 1249 1282 fuerit,
1280 1242 1326 1273 ut

206 1288 350 1337 scribis,
367 1302 583 1336 ασμενιστω
596 1288 688 1326 fore.
717 1288 839 1336 Nam,
853 1287 957 1339 quod
971 1287 1040 1336 ais,
1056 1288 1088 1325 si
1102 1288 1164 1326 hic
1179 1295 1325 1339 tempe-

205 1342 350 1381 rantius
369 1341 500 1392 egerit,
529 1341 801 1380 consideratius
829 1341 1030 1380 consilium
1052 1349 1090 1380 te
1114 1341 1323 1387 daturum;

204 1399 274 1448 qui
293 1396 354 1434 hic
377 1402 499 1446 potest
525 1407 564 1433 se
589 1408 716 1446 gerere
740 1407 818 1433 non
843 1395 1022 1447 perdite?
1053 1396 1159 1442 Vita,
1184 1408 1324 1441 mores,

205 1458 293 1489 ante
320 1449 432 1497 facta,
453 1449 549 1487 ratio
581 1449 746 1500 suscepti
767 1449 924 1501 negotii,
952 1448 1056 1499 socii,
1081 1450 1178 1488 vires
1201 1451 1322 1489 bono-

202 1517 305 1549 rum,
326 1511 393 1541 aut
411 1511 526 1541 etiam
544 1503 768 1541 constantia.

255 1557 434 1597 Vixdum
464 1557 663 1608 epistolam
695 1565 805 1595 tuam
833 1557 1015 1608 legeram,
1047 1570 1136 1596 cum
1161 1558 1211 1596 ad
1240 1571 1318 1606 me,

201 1624 354 1652 currens
373 1611 422 1649 ad
440 1611 567 1659 illum,
590 1611 799 1649 Postumus
819 1611 976 1650 Curtius
994 1612 1111 1658 venit,
1131 1612 1229 1650 nihil
1247 1612 1321 1650 nisi

201 1669 335 1707 classes
366 1666 526 1716 loquens
556 1672 591 1702 et
622 1665 834 1703 exercitus:
863 1665 1047 1716 eripiebat
1079 1666 1288 1717 Hispanias
1302 1681 1316 1704 z

200 1722 353 1760 tenebat
371 1719 523 1765 Asiam,
545 1718 729 1764 Siciliam,
745 1719 935 1766 Africam,
952 1719 1168 1758 Sardiniam
1186 1734 1196 1757 ε
1227 1732 1318 1759 con..

202 1775 327 1814 festirn
355 1773 396 1810 in
421 1773 609 1811 Graeciam
635 1775 942 1824 persequebatur.
983 1773 1174 1812 Eundum
1198 1774 1317 1825 igitur

202 1837 271 1877 est,
302 1840 372 1866 nec
401 1835 481 1864 tam
510 1834 554 1864 ut
582 1826 687 1874 belli,
715 1840 833 1878 quam
855 1834 903 1864 ut
925 1826 1042 1878 fugae,
1068 1826 1161 1866 socii
1184 1827 1316 1866 simus.

203 1885 289 1922 Nec
308 1882 411 1919 enim
435 1880 532 1918 ferre
561 1888 692 1931 potero
720 1894 911 1919 sermones
937 1881 1115 1931 istorum,
1139 1881 1317 1933 quicum-

184 1950 278 1989 -que
311 1942 422 1973 sunt:
464 1946 541 1971 non
570 1942 661 1971 sunt
697 1934 799 1972 enim
836 1942 948 1982 certe,
978 1942 1025 1973 ut
1058 1935 1316 1986 appellantur,

201 1990 304 2031 boni.
334 1989 409 2027 Sed
426 1995 554 2026 tamen
574 1987 613 2025 id
638 1987 766 2038 ipsum
785 1988 878 2027 scire
896 1989 1022 2040 cupio,
1042 1989 1138 2040 quid
1154 1990 1318 2041 loquan-

194 2055 288 2089 ¹tur;
318 2043 435 2094 idque
464 2049 508 2079 ut
527 2042 717 2093 exquiras,
744 2055 883 2094 meque
908 2042 1103 2081 certiorem
1121 2043 1252 2091 facias,
1277 2053 1316 2081 te

201 2100 442 2139 vehementer
459 2108 562 2146 rogo.
592 2096 676 2133 Nos
695 2095 834 2143 adhuc,
855 2096 950 2149 quid
967 2096 1166 2135 Brundisii
1184 2104 1313 2135 actum

199 2160 309 2200 esset,
338 2151 451 2202 plane
470 2149 743 2187 nesciebamus.
773 2150 876 2188 Cum
905 2150 1082 2199 sciemus,
1101 2157 1186 2188 tum
1205 2163 1253 2189 ex
1271 2163 1313 2189 re

198 2218 234 2248 et
253 2220 300 2248 ex
319 2212 488 2256 tempore
505 2203 706 2242 consilium
726 2204 946 2255 capiemus3
975 2204 1042 2244 sed
1060 2211 1215 2243 utemur
1229 2211 1309 2242 tuo.
