1498 2401
411 133 493 173 AD
522 132 787 174 BRUTUM.
816 131 976 172 Errs'r.
997 133 1064 171 23.
1214 129 1290 167 381

171 241 424 294 suspicantur,
446 243 551 294 quod
579 255 628 281 ne
645 249 684 281 te
709 241 867 294 quidem
896 241 1011 280 nimis
1036 239 1195 278 firmum
1215 251 1296 278 esse

166 296 287 334 velit.
277 311 287 320 ·
309 296 414 348 quod
432 309 503 347 ego
520 309 598 335 non
618 296 800 348 suspicor.

223 334 341 398 Quod
359 350 503 397 scribis,
519 359 556 389 te
575 351 624 389 ad
642 350 816 389 Tertiam
835 362 1001 389 sororem
1020 348 1225 401 scripsisse,
1249 355 1296 386 ut

168 415 218 442 ne
234 404 341 455 prius
359 405 512 443 ederent
530 418 574 443 ea
593 418 680 456 quae
698 413 803 456 gesta
822 418 845 442 a
864 404 997 443 Cassio
1016 412 1153 452 essent,
1173 415 1294 455 quam

168 458 266 496 mihi
292 459 417 497 visum
444 466 564 504 esset3
595 459 704 497 video
722 467 760 497 te
785 458 949 497 veritum
975 470 1055 496 esse
1085 457 1159 509 (id,
1190 456 1294 509 quod

168 512 379 551 verendum
397 512 488 561 fuit)
507 525 555 551 ne
574 513 695 551 animi
708 513 879 564 partium
899 512 1059 551 Caesaris
1081 510 1296 564 (quomodo

167 566 284 604 etiam
303 579 407 605 nunc
431 575 557 619 partes
576 566 837 619 appellantur)
863 566 1106 605 vehementer
1124 577 1294 604 commo-

169 628 360 659 verentur.
408 622 499 669 Sed,
537 630 745 673 antequam
782 628 868 659 tuas
904 621 1031 658 literas
1063 620 1294 671 accepimus,

173 674 307 713 audita
325 688 384 714 res
411 683 504 723 erat,
536 684 573 714 et
598 675 847 727 pervulgata:
878 674 936 712 tui
964 674 1081 712 etiam
1107 673 1298 712 tabellarii

172 728 223 767 ad
240 729 384 768 multos
401 729 607 768 familiares
625 737 712 768 tuos
736 730 863 768 literas
885 728 1102 767 attulerant.
1147 727 1295 776 Quare,

172 793 298 834 neque
316 784 590 836 supprimenda
611 797 669 822 res
694 791 786 833 erat,
807 782 1017 836 praesertim
1037 795 1126 821 cum
1153 781 1193 819 id
1214 781 1299 819 fieri

173 848 252 875 non
274 846 430 889 posset3
460 851 598 890 neque,
619 838 651 877 si
668 845 808 890 posset,
829 850 906 876 non
926 836 1203 888 divulgandam
1227 848 1298 888 po-

173 890 250 930 tius
265 905 384 943 quam
403 893 670 931 occultandam
688 900 926 944 putaremus.

227 944 293 984 De
309 945 490 986 Cicerone
501 960 603 993 meo,
624 953 674 994 et,
691 947 723 984 si
736 954 889 985 tantum
908 952 964 984 est
977 944 1017 983 in
1032 957 1090 994 eo,
1108 950 1298 997 quantum

176 998 320 1060 scribis,
341 1008 495 1040 tantum
518 1001 673 1050 scilicet,
695 1009 885 1052 quantum
904 1000 1038 1048 debeo,
1058 999 1230 1051 gaudeo.
1261 1004 1301 1036 et

175 1053 222 1100 si,
243 1055 348 1105 quod
365 1068 472 1094 amas
485 1069 590 1104 eum,
603 1068 647 1094 eo
661 1057 807 1105 maJora
826 1055 945 1100 facis3
974 1053 1043 1092 id
1033 1065 1163 1106 1psum
1176 1053 1299 1092 incre-

177 1106 344 1148 dibiliter
361 1110 524 1162 gaudeo⁹
540 1123 563 1149 a
578 1120 614 1149 te
633 1122 723 1150 eum
741 1109 863 1161 (1111ςὶ.

405 1274 524 1329 (23.)
554 1273 767 1316 CICERO
796 1273 997 1314 BRUTO
1027 1273 1069 1314 5.

229 1383 332 1433 Quae
349 1384 468 1424 literae
486 1392 554 1424 tuo
575 1384 732 1424 nomine
749 1383 914 1423 recitatae
934 1383 1009 1421 sint
1028 1381 1090 1421 Id.
1108 1380 1271 1434 ApriL·
1257 1393 1300 1420 m

175 1447 325 1499 senatu,
342 1439 552 1492 eodemque
564 1448 735 1491 tempore
745 1437 925 1499 Antonii,
939 1437 1049 1476 credo
1064 1436 1114 1474 ad
1132 1443 1169 1475 te
1183 1435 1301 1488 serip-

173 1491 268 1531 sisse
286 1501 396 1532 tuos:
425 1507 591 1546 quorum
611 1506 681 1545 ego
708 1492 855 1531 nemini
875 1491 1050 1531 concedo.
1094 1490 1171 1530 Sed
1202 1489 1302 1528 nihil

175 1557 326 1586 necesse
344 1556 424 1586 erat
443 1549 575 1587 eadem
595 1560 751 1586 omnes:
781 1546 881 1584 illud
913 1558 1062 1584 necesse
1092 1557 1156 1583 me
1184 1544 1234 1582 ad
1262 1551 1302 1582 te

176 1601 349 1649 scribere,
370 1602 464 1654 quid
493 1603 672 1641 sentirem
703 1602 750 1640 de
780 1601 861 1639 tota
891 1599 1159 1639 constitutione
1182 1598 1301 1649 hujus

177 1655 284 1702 belli,
306 1663 344 1694 et
362 1668 439 1708 quo
455 1657 600 1707 judicio
619 1669 753 1704 essem,
771 1669 926 1708 quaque
945 1653 1145 1693 sententia.

230 1710 422 1749 Voluntas
440 1724 541 1759 mea,
561 1712 700 1758 Brute,
727 1711 775 1749 de
794 1723 949 1748 summa
967 1722 1007 1747 re
1025 1707 1183 1760 publica
1202 1720 1303 1745 sem-

176 1775 244 1815 per
273 1764 406 1802 eadem
425 1765 513 1812 fuit,
534 1779 622 1817 quae
638 1773 731 1803 tua:
761 1765 857 1803 ratio
877 1763 1137 1816 quibusdam
1128 1775 1168 1800 m
1186 1763 1301 1800 rebus

178 1820 275 1870 (non
313 1819 416 1856 enim
448 1821 644 1868 omnibus)
677 1819 794 1871 paulo
830 1819 987 1857 fortasse
1027 1816 1299 1855 vehementior.

176 1872 259 1911 Scis
273 1872 372 1911 mihi
386 1885 534 1926 semper
552 1874 752 1926 placuisse,
772 1885 850 1911 non
869 1886 957 1924 rege
976 1872 1115 1919 solum,
1137 1870 1202 1908 sed
1216 1883 1302 1921 reg-

174 1938 241 1988 no,
254 1927 408 1966 liberari
421 1929 711 1980 rempublicam.
743 1928 810 1966 Tu
829 1927 968 1975 lenius,
988 1924 1200 1964 immortali
1217 1937 1303 1962 om-

173 1981 266 2019 nino
285 1994 375 2021 cum
394 1983 463 2020 tua
476 1983 617 2021 laude.
640 1982 720 2031 sed,
740 1982 836 2034 quid
854 1981 991 2019 melius
1010 1979 1139 2027 fuerit,
1159 1991 1302 2030 magno

176 2034 306 2074 dolore
331 2036 532 2085 sensimus,
562 2049 704 2098 magno
722 2036 891 2088 periculo
911 2034 1108 2073 sentimus.
1139 2032 1303 2071 Recenti

175 2089 244 2127 illo
264 2098 450 2143 tempore,
470 2098 513 2128 tu
532 2092 663 2129 omnia
681 2091 730 2129 ad
747 2103 896 2152 pacem,
917 2102 1004 2140 quae
1023 2087 1192 2126 oratione
1211 2099 1300 2125 con-

177 2142 241 2183 fici
262 2157 340 2183 non
358 2153 533 2197 poterat3
563 2158 634 2196 ego
652 2147 784 2183 omnia
801 2144 850 2182 ad
868 2144 1099 2189 libertatem,
1116 2155 1203 2193 quae
1222 2141 1306 2179 sine

176 2211 272 2250 pace
290 2201 399 2238 nulla
417 2207 497 2237 est:
527 2212 662 2251 pacem
679 2199 806 2251 ipsam
824 2198 925 2236 bello
944 2204 1059 2249 atque
1078 2196 1194 2234 armis
1206 2195 1303 2234 effici

178 2266 291 2306 posse
309 2255 530 2293 arbitrabar.
561 2253 698 2293 Studia
721 2265 799 2292 non
830 2252 985 2290 deerant
1013 2263 1120 2289 arma
1144 2262 1303 2302 poscen-
