1498 2401
253 118 336 156 *2⁸22
439 115 524 154 AD
551 114 834 156 ATTICUM.
863 115 965 155 ΙιιΒ.
984 115 1082 156 XV.
1119 115 1184 154 13.

258 237 321 263 me
341 222 595 274 [alacriorem.
600 226 617 277 ]
631 224 700 263 Ad
712 224 936 264 tuumenim
947 223 1152 275 judicium,
1169 221 1275 276 quod
1287 221 1388 261 mihi

258 285 339 317 erat
369 286 521 327 notum,
548 278 727 317 addidisti
757 278 936 318 Peducaei
965 278 1246 326 auctoritatem,
1271 289 1384 328 mag-

258 345 350 371 nam
370 332 528 384 quidem
547 333 651 384 apud
668 345 746 381 me,
767 339 807 371 et
829 332 870 370 in
888 332 1023 385 primis
1047 345 1216 384 gravem.
1244 331 1388 370 Enitar

257 387 390 437 igitur,
412 399 461 425 ne
491 387 677 426 desideres
702 393 770 425 aut
790 386 1022 426 industriam
1046 400 1191 435 meam,
1225 392 1294 424 aut
1324 384 1384 423 di-

317 448 472 479 entiam.

259 441 548 543 thecteniim‚
563 502 608 533 ut
619 495 764 543 scribis,
780 501 819 534 et
828 495 1036 534 Faberium
1048 494 1170 534 foveo.
1200 492 1384 533 Cloelium

262 549 363 586 nihil
377 549 538 588 arbitror
552 548 764 588 malitiose.
786 562 1069 601 quamquam..
1077 548 1172 589 ‚Sed
1185 547 1280 600 quid
1298 559 1386 598 egea

263 602 346 641 rit?
376 603 439 641 De
457 603 631 641 libertate
655 603 867 650 retinenda,
888 604 967 654 qua
991 610 1090 642 certe
1107 603 1206 641 nihil
1223 608 1279 640 eet
1297 600 1386 639 dul-

262 656 359 704 cius,
379 657 450 695 tibi
469 656 664 695 assentior.
693 657 804 695 Itane
830 657 946 696 Gallo
976 657 1172 696 Caninio?
1201 655 1240 696 O
1258 654 1388 694 homi·

264 723 356 749 nem
385 710 579 762 nequam!
624 711 718 762 quid
750 712 853 749 enim
890 711 1015 749 dicam
1048 710 1187 749 aliud?
1227 716 1389 748 mutum

263 764 526 810 Marcellum3
556 777 619 803 me
639 765 706 813 sic,
723 765 791 802 sed
808 777 886 803 non
905 772 1034 803 tamen
1054 764 1331 803 cautissimum.

319 818 504 870 Longiori
533 793 706 879 epistola?
738 818 998 870 superiorique
1033 817 1224 870 respondi.
1267 817 1388 856 Nunc

263 872 427 911 breviori
438 871 682 924 propiorique
697 872 793 923 quid
803 872 1067 924 respondeam,
1083 872 1159 910 nisi
1173 884 1259 910 eam
1272 870 1391 909 fuisse

263 926 548 964 dulcissimam.
537 925 555 951 ⁹
584 927 663 965 Res
682 926 958 978 Hispanienses
976 926 1087 965 valde
1105 927 1240 965 bonae.
1269 924 1390 964 modo

264 979 480 1018 Balbilium
498 980 731 1018 incolumem
751 980 917 1028 videam,
937 979 1153 1019 subsidium
1171 986 1311 1019 nostrae
1329 992 1392 1018 se-

262 1033 438 1072 nectutis.
463 1032 526 1071 De
544 1033 729 1072 Anniano
751 1034 859 1083 item,
879 1034 984 1086 quod
1001 1047 1068 1072 me
1083 1033 1195 1072 valde
1213 1035 1389 1072 observat

261 1087 424 1126 Visellia
437 1101 449 1125 ε
478 1086 546 1125 sed
563 1087 644 1127 haec
661 1087 819 1140 quidem
837 1088 1020 1126 humana.
1049 1087 1114 1126 De
1124 1088 1250 1127 Bruto
1266 1094 1305 1126 te
1322 1087 1386 1125 ιιι-

262 1141 320 1179 hil
349 1142 442 1180 scire
471 1141 590 1180 dicis·
634 1141 700 1180 sed
730 1142 868 1181 Selicia
886 1142 1034 1181 venisse
1063 1141 1127 1181 M.
1155 1141 1381 1194 Scaptium·

261 1208 430 1247 eumque
456 1207 534 1233 non
559 1209 638 1247 qua
662 1196 822 1248 pompa,
846 1196 896 1235 ad
918 1209 958 1235 se
981 1203 1111 1235 tamen
1130 1196 1230 1235 clam
1248 1202 1388 1235 ventu-

257 1262 374 1295 rum3
406 1249 669 1301 sciturumque
686 1263 750 1288 me
768 1250 924 1289 omnia:
954 1264 1042 1302 quae
1061 1262 1131 1310 ego
1145 1250 1287 1289 statim.
1316 1248 1388 1287 In·

258 1310 362 1342 terea
385 1311 515 1342 narrat
539 1304 687 1352 eadem,
707 1303 820 1343 Bassi
844 1317 998 1343 servum
1017 1303 1176 1353 venisse,
1196 1303 1266 1356 qui
1282 1316 1386 1342 nun-

261 1357 387 1406 tiaret,
406 1358 575 1408 legiones
594 1358 902 1398 Alexandrinas
891 1370 932 1396 ιι]
957 1357 1074 1397 armis
1091 1370 1184 1406 esse,
1213 1358 1384 1396 Bassum

261 1412 411 1459 arcessi,
437 1410 617 1451 Cassium
642 1412 864 1464 exspectari.
893 1411 1003 1461 Quid
1027 1412 1204 1464 quaeris?
1233 1411 1388 1451 videtur

260 1466 475 1517 respublica
490 1467 554 1516 jus
567 1479 681 1505 suum
693 1473 971 1518 recuperatura.
1002 1465 1078 1505 Sed
1091 1477 1141 1504 ne
1158 1465 1254 1518 quid
1271 1473 1381 1505 ante:

260 1520 363 1558 nosti
393 1519 535 1559 horum
564 1520 872 1559 exercitationem
900 1520 941 1558 ιι]
969 1519 1167 1559 latrocinio
1188 1527 1226 1559 et
1249 1532 1384 1559 amen-

261 1573 368 1612 tiam.

313 1626 521 1667 Dolabella
538 1628 595 1667 vir
617 1629 798 1681 optimus.
836 1629 938 1676 Etsi,
958 1640 1048 1668 cum
1068 1628 1296 1677 scribebam,
1322 1641 1385 1668 se·

261 1681 387 1719 cunda
405 1682 538 1721 mensa
555 1683 745 1735 apposita,
765 1683 910 1722 venisse
929 1695 1020 1721 eum
1048 1682 1098 1721 ad
1115 1683 1232 1722 Baias
1250 1682 1384 1722 audie·

260 1737 377 1781 bam3
407 1743 536 1775 tamen
555 1737 679 1775 adme
698 1751 746 1776 ex
758 1737 965 1776 Formiano
983 1736 1144 1789 scripsit,
1165 1740 1279 1789 (quas
1296 1737 1384 1776 lite·

258 1801 334 1838 ras,
355 1802 444 1828 cum
464 1803 484 1828 e
502 1790 653 1830 balineo
672 1792 851 1840 exissem,
878 1791 1022 1842 accepi)
1048 1804 1128 1830 sese
1151 1791 1201 1830 de
1218 1790 1384 1830 attribu-

259 1843 364 1882 tione
380 1844 511 1882 omnia
529 1858 683 1883 summa
699 1845 844 1884 fecisse.
877 1845 1095 1884 Vectenum
1109 1852 1283 1884 accusat.
1313 1844 1384 1884 tri·

257 1904 367 1936 catur
385 1897 538 1947 scilicet,
557 1906 604 1938 ut
619 1899 737 1938 homo
753 1899 854 1938 talis.
883 1899 959 1939 Sed
970 1898 1024 1938 ait
1041 1906 1168 1938 totum
1181 1897 1382 1951 negotium

256 1951 435 1990 Sextium
453 1959 627 1992 nostrum
646 1954 866 2016 suscepisse,
880 1953 1073 2006 optimum
1091 1953 1249 2005 quidem
1266 1952 1382 1992 inum

257 2005 401 2054 virum,
417 2007 614 2058 nostrique
628 2007 949 2047 amantissimum.
972 2007 1116 2056 Quaero
1127 2014 1272 2054 autem,
1284 2006 1383 2059 quid

258 2034 416 2099 tanden’n
440 2060 594 2101 Sextius
619 2061 659 2099 ιιι
692 2061 765 2101 hac
796 2075 837 2101 re
864 2061 986 2101 facere
1009 2061 1143 2114 possit,
1174 2035 1279 2113 quod
1302 2072 1382 2099 non

259 2112 385 2164 quivis
403 2116 609 2154 nostrum?
637 2115 727 2165 Sed,
747 2116 779 2156 si
805 2116 899 2169 quid
925 2124 1063 2168 praeter
1086 2128 1194 2177 spem
1219 2114 1304 2164 erit,
1323 2113 1384 2153 fa-

261 2165 335 2206 cies
352 2176 396 2207 ut
414 2168 543 2208 sciam.
577 2169 645 2209 Sin
674 2177 743 2218 est,
766 2178 812 2209 ut
837 2169 1012 2217 arbitror,
1038 2169 1237 2221 negotium
1254 2168 1384 2220 perdi

263 2229 364 2271 tum,
384 2222 523 2263 scribes
540 2230 696 2269 tamem
727 2236 850 2277 neque
869 2225 940 2265 ista
954 2237 1012 2265 res
1031 2222 1297 2265 commovebit.
