1498 2401
369 81 454 121 AD
481 83 770 123 ATTICUM.
800 84 900 122 LIB·
923 83 1017 123 XV.
1055 85 1113 122 16.
1221 84 1308 121 225

186 196 231 228 ut
253 190 316 228 vel
340 189 381 228 in
400 191 579 230 concione
608 191 731 231 dicere
761 191 954 231 auderem.
993 192 1130 231 Saram
1160 198 1310 240 autem,

185 251 442 296 praeterquam
461 245 567 297 quod
584 246 776 284 nefarium
801 246 999 285 hominem
1019 245 1192 307 cognovi,
1211 259 1313 297 prae-

185 305 287 336 terea
303 297 344 335 in
363 311 427 337 me
454 307 732 339 contumacem.
771 301 900 339 Semel
919 314 1008 339 eum
1027 300 1184 339 omnino
1203 299 1312 338 domi

183 362 282 390 meae
299 351 391 391 vidi.
425 352 530 392 Cum
560 362 640 403 φιλο
647 362 691 394 ῦς
698 369 782 397 ουως
805 367 853 393 ex
882 367 926 393 eo
949 367 1176 407 quaererem,
1212 353 1311 405 quid

182 417 281 457 opus
299 408 630 452 65561ςΑ111611111
658 421 697 446 se
726 408 825 447 dixit
850 422 1032 460 quaerere.
1076 408 1306 460 Superbiam

183 467 315 498 autem
346 461 466 512 ipsius
491 462 648 513 reginae,
682 474 771 501 cum
797 470 892 501 esset
921 470 1026 501 trans
1060 462 1237 501 Tiberim
1266 461 1309 499 in

182 512 318 563 hortis,
339 528 637 554 commemorare
652 516 732 554 sine
745 529 888 568 magno
907 517 1036 555 dolore
1047 529 1125 555 non
1136 528 1308 568 possum.

182 567 295 606 Ν1111]
318 569 437 620 igitur
464 583 554 608 cum
572 570 677 608 15115.
708 583 778 609 1166
796 578 876 609 13111
896 570 1072 609 311111111111
1090 583 1168 619 me,
1189 582 1310 622 quam

182 621 250 660 vix
264 623 518 673 stomachum,
539 625 679 663 habere
697 625 943 663 arbitrantur.

238 676 519 716 Profectionem
537 691 665 717 meam
687 679 750 731 (ut
768 679 896 729 video)
922 679 1052 718 Erotis
1075 677 1310 738 dispensatio

184 729 359 782 impedit.
395 732 520 779 Nam,
545 745 636 771 cum
655 746 703 771 ex
735 733 906 785 reliquis,
926 747 1014 785 quae
1033 733 1161 771 Nonis
1179 731 1310 783 April.

183 783 286 833 fecit,
307 786 368 824 vel
393 787 589 825 abundare
607 786 797 834 debeam3
825 800 938 839 cogor
956 787 1156 825 mutuari·
1187 785 1313 838 quod-

185 852 261 890 que
275 852 323 877 ex
342 839 423 878 istis
440 840 643 879 fructuosis
661 842 775 880 rebus
794 849 989 893 receptum
1011 849 1080 887 aet,
1106 841 1148 879 id
1166 853 1237 892 ego
1263 839 1312 878 ad

184 892 284 931 illud
310 893 446 932 fanum
478 895 688 947 sepositum
719 897 919 947 putabam.
962 895 1038 934 Sed
1066 895 1149 933 haec
1174 894 1314 933 Tironi

183 947 380 997 mandavi,
401 961 517 1000 quem
544 950 593 987 ob
613 961 698 987 eam
723 962 879 989 causam
906 950 1078 989 Romam
1106 949 1209 988 misi.
1251 949 1313 987 Te

184 1001 293 1039 nolui
306 1002 537 1054 impeditum
557 1003 753 1055 impedire.

241 1054 377 1095 Cicero
390 1064 532 1107 noster,
543 1070 620 1109 quo
634 1058 841 1096 modestior
856 1065 926 1105 est,
942 1071 985 1097 eo
996 1071 1060 1096 me
1074 1057 1197 1109 magis
1209 1070 1314 1096 com-

185 1121 326 1148 movet.
356 1111 426 1149 Ad
440 1124 503 1149 me
517 1112 620 1150 enim
636 1111 682 1149 de
696 1111 768 1150 hac
779 1125 819 1150 re
831 1112 928 1150 nihil
943 1112 1104 1164 scripsit,
1125 1112 1174 1150 ad
1193 1124 1313 1163 quem

186 1164 373 1202 nimirum
391 1165 634 1217 potissimum
655 1165 800 1204 debuit.
844 1166 1002 1218 Scripsit
1020 1167 1092 1205 hoc
1111 1178 1240 1204 autem
1260 1165 1311 1204 ad

185 1218 385 1268 Tironem,
405 1219 479 1258 sibi
508 1227 594 1271 post
626 1218 710 1259 Cal.
740 1220 866 1272 April.
901 1220 973 1272 (sic
1003 1220 1106 1258 enim
1136 1232 1314 1258 annuum

186 1280 340 1325 tempus
359 1273 508 1319 confici)
528 1273 626 1311 nihil
645 1273 780 1312 datum
799 1288 903 1313 esse:
935 1274 1020 1322 tibi,
1051 1287 1120 1326 pro
1150 1274 1219 1312 tua
1242 1286 1314 1312 na-

185 1327 289 1375 tura,
310 1340 458 1379 semper
485 1328 686 1379 placuisse,
718 1336 831 1380 teque
862 1328 1099 1367 existimasse
1127 1328 1168 1366 id
1195 1327 1312 1366 etiam

185 1380 236 1419 ad
250 1380 477 1433 dignitatem
495 1394 626 1420 meam
645 1383 848 1434 pertinere,
868 1395 959 1420 eum
978 1395 1055 1420 non
1081 1382 1196 1420 modo
1215 1383 1312 1421 libe-

184 1435 313 1474 raliter
327 1449 350 1474 a
360 1436 486 1485 nobis,
500 1436 566 1474 sed
581 1436 696 1474 etiam
708 1444 839 1475 ornate
851 1437 1136 1488 cumulateque,
1147 1436 1314 1475 tractari.

185 1489 332 1539 Quare,
353 1490 468 1529 velim
488 1503 608 1539 cures,
624 1494 710 1534 (nec
728 1491 799 1529 tibi
819 1503 939 1529 essem
964 1491 1161 1537 molestus,
1192 1491 1224 1529 si
1243 1503 1313 1542 per

184 1544 308 1583 alium
335 1544 408 1583 hoc
437 1558 549 1596 agere
575 1552 743 1597 possem)
776 1552 821 1583 ut
849 1553 1092 1597 permutetur
1122 1545 1312 1592 Athenas,

185 1599 292 1651 quod
309 1599 358 1638 sit
375 1599 417 1637 in
436 1611 611 1637 annuum
626 1607 800 1637 sumtum
816 1599 876 1638 ei:
908 1599 1048 1637 scilicet
1062 1599 1160 1637 Eros
1175 1611 1315 1637 nume-

184 1653 307 1691 rabit:
338 1653 420 1702 ejus
434 1653 489 1691 rei
511 1653 626 1692 causa
644 1652 829 1692 Tironem
847 1652 948 1692 111151.
978 1653 1142 1692 Curabis
1160 1653 1308 1705 igitur
1296 1682 1310 1700 ‚

187 1716 224 1746 et
239 1706 287 1746 ad
301 1720 378 1756 me,
393 1707 426 1746 si
440 1707 536 1760 quid
555 1708 626 1747 tibi
644 1708 692 1746 de
711 1720 755 1746 eo
773 1707 978 1755 videbitur,
999 1707 1150 1746 scribes.

413 1869 531 1921 (16.)
558 1869 772 1909 CICERO
801 1868 1026 1911 ATTICO
1055 1869 1096 1908 S.

242 1977 422 2017 Tandem
452 1991 475 2016 a
500 1978 682 2018 Cicerone
710 1978 956 2025 tabellarius,
945 1992 955 2002 ·
986 1985 1025 2017 et
1056 1975 1315 2030 (mehercule)

187 2033 307 2072 literae
343 2048 598 2081 πεπινωμενως
634 2032 806 2084 scriptae:
838 2033 942 2084 quod
970 2032 1101 2084 ipsum
1127 2045 1311 2075 προκοπην

187 2087 360 2138 aliquam
385 2085 636 2138 significaret:
665 2086 836 2148 itemque
865 2086 990 2125 caeteri
1012 2085 1195 2137 praeclara
1223 2085 1315 2123 5611-

183 2145 294 2182 bunt.
324 2140 516 2180 Leonidas
535 2146 665 2178 tamen
679 2141 815 2179 retinet
829 2153 945 2179 suum
956 2140 1054 2178 illud
1074 2137 1294 2177 “Adhuc?

185 2196 346 2236 summis
365 2206 452 2234 vero
481 2193 661 2234 laudibus
680 2194 866 2234 Herodes.
905 2193 1016 2242 Quid
1043 2192 1206 2246 quaeriS.
1196 2194 1214 2220 ⁹
1243 2193 1308 2231 vel
