1498 2401
316 102 400 145 AD
429 106 481 155 Q.
512 105 814 145 FRATREM.
846 106 946 144 Lm.
966 105 1050 144 111.
1069 106 1110 142 1.
1195 107 1273 146 323

161 213 432 266 expolitionem
447 222 558 266 urget
569 215 634 253 ille
645 215 818 266 quidem,
831 224 868 254 et
877 215 1124 264 Philotimus,
1138 221 1175 254 et
1186 215 1280 255 Cin-

160 268 261 307 cius:
283 269 349 308 sed
367 269 482 308 etiam
501 270 582 321 ipse
595 271 727 308 crebro
745 269 950 315 interviso;
972 269 1077 321 quod
1096 278 1152 309 est
1169 270 1279 309 facile

147 322 279 362 factu.
310 323 592 371 Quamobrem,
612 323 658 361 era
676 330 715 361 te
734 324 826 362 cur&
843 324 1050 362 liberatum
1070 325 1169 363 volo.

217 377 300 416 III.
331 377 394 416 De
413 378 594 417 Cicerone
613 377 717 429 quod
736 390 799 416 me
817 391 966 430 semper
984 392 1108 429 rogas,
1128 378 1283 430 ignosco

163 432 344 484 equidem
358 432 453 479 tibi;
484 432 549 471 sed
567 440 610 470 tu
636 445 790 483 quoque
807 432 918 479 mihi,
940 433 1070 479 velim,
1096 433 1282 484 ignoscas.

163 486 258 525 Non
289 486 392 525 enim
420 486 584 526 concedo
608 485 693 535 tibi,
717 487 806 538 plus
824 493 869 524 ut
886 486 1000 524 iHum
1025 500 1143 534 ames,
1165 501 1283 539 quam

160 540 244 592 ipse
275 553 375 580 amo.
422 541 558 593 Atque
593 540 743 578 utinam
769 540 829 578 his
861 540 996 579 diebus
1033 541 1073 579 in
1104 542 1289 594 Arpinati

165 595 290 647 (quod
308 602 346 634 et
363 595 444 647 ipse
462 595 646 647 cupierat,
674 601 712 633 et
745 608 815 645 ego
845 607 921 633 non
955 595 1101 643 minus)
1130 609 1286 635 mecum

162 649 308 689 fuisset.
339 649 459 698 Quod
483 650 532 688 ad
552 649 836 701 Pomponia1n3
867 648 898 687 si
917 649 987 687 tibi
1012 650 1176 699 videtur,
1198 652 1287 690 scri-

162 706 246 752 bas,
266 703 397 752 velim,
417 717 508 743 cum
527 703 657 756 aliquo
668 703 874 752 exibimus,
888 710 948 741 eat
962 704 1178 751 nobiscum,
1194 719 1290 757 pue-

167 771 334 811 rumque
361 759 487 798 ducat.
529 758 725 798 Clamores
758 757 932 805 efficiam,
961 757 991 796 si
1014 772 1103 797 eum
1133 772 1288 799 mecum

164 811 335 852 habuero
350 814 515 852 otiosum
530 828 540 851 :
571 825 664 851 nam
683 812 822 851 Romae
836 812 1046 863 respirandi
1062 826 1140 851 non
1160 822 1216 853 est
1233 815 1290 853 lo-

167 881 245 907 cus.
291 868 340 906 Id
369 881 433 906 me
463 867 535 907 scis
565 875 677 906 antea
705 867 822 918 gratis
852 866 922 905 tibi
953 879 1032 906 esse
1061 868 1291 919 pollicitum.

166 921 278 970 Quid
295 935 399 961 nunc
417 930 544 974 putas,
569 921 677 960 tanta
694 923 762 960 abs
780 929 818 960 te
845 921 943 959 mihi
961 922 1135 961 mercede
1153 936 1292 975 propo-

166 976 273 1016 sita.

222 1029 351 1070 Venio
369 1043 473 1070 nunc
487 1029 538 1069 ad
555 1037 640 1068 tuas
655 1030 797 1079 literas,
818 1044 913 1083 quas
931 1030 1108 1082 pluribus
1127 1031 1295 1083 epistolis

169 1084 311 1137 accepi,
327 1084 423 1123 dum
442 1098 529 1124 sum
544 1084 585 1122 in
600 1084 802 1136 Arpinati.
833 1098 924 1123 nam
939 1084 1037 1123 mihi
1051 1097 1129 1124 uno
1147 1085 1210 1124 die
1221 1092 1296 1125 tres

171 1146 262 1179 sunt
289 1139 460 1187 reddime,
481 1146 520 1178 et
537 1139 710 1191 quidem,
730 1145 775 1176 ut
802 1139 1044 1187 videbantur,
1064 1140 1197 1189 eodem
1226 1141 1295 1180 abs

172 1201 210 1233 te
228 1193 328 1232 datae
345 1201 543 1246 tempore·
532 1222 545 1239 ‚
574 1205 654 1232 una
680 1193 858 1245 pluribus
887 1193 1055 1242 verbis,
1044 1207 1085 1232 m
1111 1194 1190 1245 quii
1217 1194 1297 1246 pri-

172 1261 284 1288 mum
317 1255 411 1296 erat,
443 1248 549 1300 quod
578 1247 772 1299 antiquior
798 1248 877 1286 dies
902 1247 942 1285 in
972 1248 1049 1286 tuis
1077 1248 1211 1287 fuisset
1229 1249 1298 1287 ad-

171 1302 313 1355 scripta
340 1302 475 1350 literis,
514 1313 633 1354 quam
662 1302 703 1340 in
736 1301 910 1341 Caesaris.
954 1301 1004 1340 Id
1032 1302 1123 1341 facit
1146 1302 1297 1354 Oppius

171 1369 457 1408 nonnunquam
482 1355 706 1404 necessario,
734 1362 792 1405 ut,
816 1369 906 1395 cum
925 1356 1141 1396 tabellarios
1160 1359 1299 1396 consti-

172 1411 289 1451 tuerit
305 1411 471 1459 mittere,
496 1410 701 1462 literasque
720 1424 743 1449 a
760 1411 872 1449 nobis
890 1410 1088 1462 acceperit,
1108 1411 1240 1463 aliqu&
1259 1426 1299 1451 re

173 1465 272 1505 nov&
291 1465 550 1517 impediatur;
580 1472 619 1503 et
643 1465 851 1504 necessario
870 1465 1002 1514 serius,
1022 1478 1142 1516 quam
1161 1467 1300 1505 consti-

175 1527 316 1568 tuerat,
335 1519 491 1565 mittat3
521 1531 647 1571 neque
665 1532 748 1565 nos,
769 1519 867 1558 datis
883 1520 967 1569 jam
985 1519 1168 1570 epistolis,
1195 1520 1300 1559 diem

175 1575 407 1615 commutari
439 1586 628 1613 curemus.
659 1574 800 1613 Scribis
826 1573 873 1612 de
898 1572 1059 1613 Caesaris
1078 1587 1232 1613 summo
1260 1575 1301 1614 in

176 1642 247 1669 nos
271 1641 414 1668 amore.
443 1628 564 1667 Hunc
583 1635 620 1667 et
645 1635 688 1667 tu
707 1627 866 1676 fovebis,
887 1635 924 1667 et
947 1641 1031 1677 nOS,
1050 1629 1304 1680 quibuscum-

167 1697 256 1735 vque
283 1682 495 1735 poterimus
524 1684 652 1731 rebus,
679 1682 918 1734 augebimus.
948 1682 1011 1721 De
1036 1683 1238 1735 Pompeio,
1268 1691 1306 1722 et

178 1738 277 1777 facio
295 1737 511 1799 diligenter,
537 1743 575 1776 et
602 1736 757 1784 faciam,
788 1737 893 1789 quod
922 1750 1067 1775 mones.
1098 1737 1218 1786 Quod
1235 1738 1307 1776 tibi

177 1804 268 1831 mea
284 1790 483 1844 permissio
494 1791 706 1830 mansionis
723 1798 802 1830 tuae
818 1801 927 1843 grata
946 1799 1015 1840 est,
1036 1791 1077 1829 id
1096 1804 1179 1843 ego,
1199 1805 1306 1831 sum-

180 1858 248 1885 mo
266 1858 354 1885 meo
371 1845 501 1884 dolore
520 1852 558 1883 et
575 1844 774 1893 desiderio,
793 1852 925 1884 tamen
945 1858 992 1884 ex
1018 1853 1126 1897 parte
1144 1846 1307 1897 gaudeo.

243 1900 294 1940 In
311 1898 573 1952 Hippodamis
588 1906 626 1938 et
644 1899 841 1939 nonnullis
855 1899 939 1938 aliis
957 1900 1200 1947 arcessendis,
1215 1900 1311 1952 quid

183 1954 341 2007 cogites,
360 1966 440 1993 non
463 1953 649 2006 intelligo.
678 1954 809 1993 Nemo
833 1954 995 1993 istorum
1026 1962 1095 2000 est,
1115 1954 1211 2005 quin
1239 1956 1309 1994 abs

184 2016 223 2048 te
243 2020 403 2057 munus,
423 2007 536 2046 fundi
554 2009 765 2048 suburbani
781 2008 915 2057 instar,
929 2015 1131 2060 exspectet.
1164 2008 1312 2048 Treba-

184 2064 287 2103 tium
305 2075 395 2101 vero
413 2074 546 2101 meum
561 2063 666 2114 quod
683 2063 756 2102 isto
771 2062 992 2111 admisceas,
1008 2062 1106 2101 nihil
1124 2070 1192 2100 est.
1222 2062 1312 2114 Ego

170 2118 303 2157 ¹illum
332 2116 382 2156 ad
413 2114 606 2156 Caesarem
636 2116 738 2166 misi,
766 2117 835 2169 qui
870 2116 968 2155 mihi
990 2118 1072 2167 jam
1105 2117 1285 2156 satisfecit
1299 2132 1311 2156 ε

189 2172 221 2211 si
249 2171 324 2224 ipsi
342 2171 486 2219 minus,
512 2179 690 2222 praestare
711 2171 810 2212 nihil
838 2171 983 2211 debeo:
1013 2178 1126 2224 teque
1144 2170 1237 2212 item
1264 2173 1314 2212 ab

173 2239 234 2271 eo
251 2225 403 2279 vindico
421 2232 459 2266 et
475 2225 608 2266 libero.
