1498 2401
378 91 460 130 AD
489 89 772 130 ATTICUM.
804 90 904 129 11113.
933 91 1027 131 XV
1058 93 1096 131 3.
1222 93 1297 132 211

169 200 300 262 [quod
313 206 433 252 puto:
464 206 618 238 tantum
637 199 740 238 enim
759 200 894 246 vide03
925 212 1003 238 non
1023 199 1199 239 videmur
1213 214 1293 241 esse

166 254 336 306 vienn-L]
368 253 458 302 Sed,
487 254 520 292 si
539 253 655 292 etiam
681 266 750 293 nos
779 254 852 293 hoc
876 255 1000 304 fallat,
1024 255 1073 294 de
1098 255 1293 295 Buthroto·

168 316 206 348 te
224 321 301 347 non
319 309 439 346 failet.

220 363 284 402 De
315 362 470 402 Octavii
499 362 678 401 concione
702 362 806 401 idem
832 363 966 411 sentio,
991 364 1096 416 quod
1125 372 1197 403 tu:
1228 366 1290 403 lu-

164 417 380 469 dorumque
403 418 486 466 ejus
516 425 736 468 apparatus,
762 426 799 455 et
818 417 968 455 Matius
995 431 1039 456 ac
1067 419 1292 458 Postumius

164 471 262 510 mihi
280 478 542 523 procuratores
561 484 638 509 non
665 472 828 522 placent.
856 472 1020 510 Saserna
1039 473 1185 524 collega
1203 474 1289 525 dig-

164 538 251 564 nus.
280 525 356 564 Sed
374 526 438 564 isti
456 538 588 564 omnes
604 525 950 577 (quemadmodum
969 526 1101 574 sentis)
1120 540 1198 565 non
1216 528 1292 565 mi-

164 593 238 618 nus
256 579 379 618 otium
408 580 559 627 timent,
587 593 706 632 quam
725 593 793 618 nos
820 592 939 618 arma.
969 581 1142 619 Balbum
1172 582 1291 620 levari

162 634 308 673 invidia
326 648 394 686 per
421 647 490 673 nos
509 634 650 673 velim:
681 634 747 673 sed
772 647 821 672 ne
849 634 931 685 ipse
954 634 1112 686 quidem
1139 635 1180 674 id
1209 636 1293 675 fieri

164 701 274 741 posse
292 689 461 727 confidit.
491 688 631 740 Itaque
649 689 725 726 alia
745 688 896 740 cogitat.

218 742 337 791 Quod
366 743 492 795 prima
517 743 725 794 disputatio
753 743 979 782 Tusculana
1008 750 1046 782 te
1075 745 1291 794 confirmat,

165 810 254 836 sane
273 797 445 848 gaudeo:
476 810 601 848 neque
627 797 731 835 enim
751 798 878 835 ullum
898 805 954 836 est
981 798 1203 849 perfugium
1222 807 1291 837 aut

164 851 304 890 melius
333 859 401 890 aut
431 852 613 902 paratius.
645 851 824 889 Flamma
851 851 956 903 quod
980 854 1078 891 bene
1103 853 1289 905 loquitur,

164 918 242 944 non
257 906 414 944 moleste
424 906 515 944 fero.
547 906 902 957 Tyndaritanorum
914 919 1042 956 causa,
1059 907 1106 946 de
1119 921 1197 960 qua
1209 915 1290 947 tam

164 961 328 1009 laboras,
359 973 448 1012 quae
476 960 539 1008 sit,
573 960 720 1011 ignoro.
751 960 836 998 Hos
866 968 1009 1000 tamen.
1046 968 1290 999 Πευτελοιπον

164 1027 318 1053 movere
345 1014 417 1053 ista
442 1014 634 1063 videntur,
668 1014 710 1052 in
740 1014 875 1066 primis
904 1015 1071 1066 erogatio
1099 1016 1285 1067 pecuniae.

166 1069 229 1108 De
255 1069 452 1107 Alexione
473 1069 611 1114 doleo;
643 1069 724 1117 sed,
756 1068 940 1120 quoniam
963 1069 1147 1108 inciderat
1170 1070 1210 1107 in
1236 1069 1291 1109 ita

163 1136 321 1175 gravem
357 1124 552 1171 morbum,
590 1125 687 1162 bene
724 1132 854 1162 actum
891 1136 980 1161 cum
1011 1124 1081 1162 illo
1117 1124 1290 1163 arbitror.

166 1178 277 1226 Quos
295 1185 425 1216 tamen
445 1177 629 1217 secundos
647 1177 830 1225 haeredes‚
847 1177 940 1216 scire
960 1178 1114 1229 vellem,
1131 1186 1170 1218 et
1187 1178 1291 1217 diem

166 1232 395 1272 testamenti.

400 1396 493 1451 (3.)
524 1398 738 1439 CICERO
766 1399 989 1440 ATTICO
1018 1400 1059 1439 S.

221 1506 437 1546 Undecimo
456 1507 646 1547 Calendas
664 1508 791 1560 accepi
808 1509 850 1547 in
871 1508 1021 1547 Atinati
1039 1508 1135 1547 duas
1153 1508 1294 1561 episto-

164 1562 221 1600 las
240 1569 339 1609 tuas,
369 1561 512 1614 quibus
531 1562 682 1602 duabus
704 1563 801 1602 meis
833 1563 1074 1615 respondisti.
1104 1564 1196 1602 Una
1214 1571 1296 1602 erat

162 1616 245 1655 XV
263 1615 466 1666 calendas,
486 1617 606 1655 altera
623 1617 730 1665 XII,
751 1617 853 1657 data.
887 1617 954 1656 Ad
972 1618 1207 1670 superiorem
1221 1618 1295 1670 igi-

167 1680 231 1708 tur
249 1671 368 1722 prius.

222 1725 445 1764 Accurres
434 1739 476 1764 ιιι
501 1726 786 1775 Tusculanum,
813 1734 859 1765 ut
881 1727 1025 1776 scribis,
1044 1741 1125 1779 quo
1150 1740 1214 1766 me
1232 1727 1297 1767 VI

171 1778 363 1818 calendas
382 1788 588 1819 venturum
615 1781 840 1820 arbitrabar.
870 1781 989 1830 Quod
1007 1782 1139 1820 scribis
1160 1795 1299 1834 paren-

167 1833 265 1872 dum
284 1833 516 1880 victoribus;
547 1847 625 1873 non
650 1836 748 1873 mihi
778 1835 950 1888 quidem,
978 1836 1040 1874 cui
1066 1844 1156 1875 sunt
1174 1837 1300 1874 multa

168 1888 329 1940 potiora.
358 1889 466 1927 Nam
485 1889 566 1938 illa,
584 1903 676 1942 quae
697 1890 918 1938 recordaris,
939 1890 1109 1929 Lentulo
1129 1898 1166 1929 et
1185 1890 1299 1929 Mar-

169 1942 266 1981 cello
294 1943 530 1990 consulibus,
557 1952 643 1982 acta
664 1944 706 1983 in
733 1945 812 1983 aede
839 1945 1060 1997 Apollinis;
1090 1957 1160 1983 nec
1186 1957 1300 1983 causa

172 1996 306 2035 eadem
326 2004 395 2046 est,
420 2010 490 2037 nec
512 1998 637 2037 simile
661 2006 828 2051 tempus,
848 1999 1060 2051 praesertim
1079 2012 1168 2037 cum
1188 1998 1301 2036 Mar-

172 2051 314 2089 cellum
343 2051 485 2090 scribas
511 2052 681 2105 aliosque
703 2054 904 2092 discedere.
933 2053 1022 2091 Erit
1045 2053 1164 2104 igitur
1191 2052 1302 2091 nobis

169 2117 300 2144 coram
320 2105 562 2145 odorandum
588 2115 626 2146 et
652 2107 980 2156 constituendum,
1006 2115 1141 2146 tutone
1166 2107 1307 2146 Romae

169 2171 249 2199 esse
279 2160 482 2222 possimus.
514 2161 619 2200 Novi
638 2165 846 2201 conventus
864 2162 1096 2201 habitatores
1114 2173 1204 2200 sane
1221 2173 1306 2199 mo-

164 2221 285 2252 vent:
317 2214 358 2254 in
378 2214 531 2266 magnis
556 2216 660 2254 enim
680 2229 876 2255 versamur
897 2215 1095 2277 angustiis.
1126 2215 1202 2256 sed
1216 2222 1308 2255 sum

159 2266 231 2306 ista
267 2268 408 2321 parvi·
441 2269 537 2321 quin
556 2277 592 2320 et
612 2271 759 2320 majora
776 2270 1069 2310 contemnimus.
