1513 2370
338 39 418 77 AD
447 39 738 80 ATTICUM.
767 39 868 79 Lm.
894 40 1022 79 XIII.
1051 42 1090 79 3.
1203 42 1274 80 141

149 148 239 186 ferri
253 147 423 198 jubebis,
448 154 485 186 et
504 155 634 187 tamen
655 149 837 187 Pisonem
855 149 979 187 sicubi
997 149 1044 188 de
1063 163 1167 188 auro.
1204 150 1281 189 Fa-

150 201 277 240 berius
314 201 346 240 si
377 201 538 250 venerit,
583 202 730 241 videbis
762 211 806 241 ut
840 210 992 241 tantum
1034 204 1282 251 attribuatur,

149 255 182 294 si
209 255 326 295 modo
347 256 591 306 attribuetur,
612 264 806 309 quantum
829 257 1016 297 debetur.
1046 258 1209 311 accipies
1232 261 1281 299 ab

134 310 282 348 ‚El-ote.

204 364 445 410 Ariarathes,
484 365 759 405 Ariobarzanis
796 365 916 414 filius,
955 365 1127 405 Romam
1163 368 1283 407 venit.

151 418 251 458 Vult
263 419 432 471 (opinor)
445 433 610 472 regnum
629 419 786 471 aliquod
801 432 927 458 emere
939 433 962 458 a
977 421 1151 460 Caesare:
1175 435 1283 471 nam,

153 486 233 525 quo
247 473 364 512 modo
382 486 487 512 nunc
499 482 568 523 est,
581 475 721 527 pedem
740 474 809 512 ubi
823 482 942 525 ponat
958 475 1000 512 in
1020 488 1103 522 suo,
1120 488 1198 514 non
1217 477 1288 515 ha-

153 529 230 567 bet.
261 527 437 567 Omnino
456 541 547 567 eum
573 529 719 568 Sestius
747 537 876 567 noster
899 529 1088 591 parochus
1107 531 1287 581 publicus

151 583 378 635 occupavit.
401 582 506 635 quod
525 583 682 635 quidem
702 583 814 621 facile
828 584 964 635 patior.
986 584 1284 634 Verumtamen,

154 637 260 689 quod
278 637 391 686 mihi,
417 650 572 676 summo
597 637 782 677 beneficio
806 650 908 685 meo,
928 651 1073 690 magna
1094 651 1184 677 cum
1208 640 1287 678 fra-

153 691 276 731 tribus
305 666 411 732 1111115
438 692 676 731 necessitudo
700 700 770 741 aet,
790 692 912 731 invito
936 705 1027 730 eum
1052 706 1121 745 per
1139 693 1284 744 literas,

152 756 199 784 ut
217 747 324 799 apud
341 760 406 786 me
428 746 650 786 diversetur.
679 747 749 785 Ad
775 759 861 785 eam
879 759 962 786 rem
981 760 1072 786 cum
1090 724 1284 788 mitterem

150 800 440 850 Alexandrum,
460 801 530 840 has
544 802 579 840 ei
597 801 686 840 dedi
703 802 845 841 literas.

206 855 302 895 Cras
328 856 447 908 igitur
474 856 600 895 auctio
629 855 821 895 Peducaei.
863 855 967 896 Cum
995 857 1136 909 poteris
1165 871 1281 910 ergo:

152 910 223 949 etsi
241 910 426 963 impediet
443 910 602 949 fortasse
619 910 834 950 Faberius.
866 911 934 949 sed
962 919 1108 960 tamen,
1129 925 1220 951 cum
1238 913 1286 951 li-

152 964 263 1004 cebit.
298 965 512 1017 Dionysius
537 973 665 1004 noster
690 965 858 1017 graviter
882 965 1070 1017 queritur,
1091 974 1129 1005 et
1154 974 1283 1005 tamen

149 1021 252 1070 jure,
267 1033 291 1058 a
302 1019 499 1072 discipulis
517 1021 646 1059 abesse
665 1027 746 1058 tam
765 1019 846 1058 diu.
876 1019 1019 1058 Multis
1033 1021 1156 1060 verbis
1168 1021 1286 1073 scrip-

154 1074 202 1113 sit
233 1074 282 1113 ad
311 1087 388 1121 me,
409 1074 521 1113 credo
545 1074 639 1113 item
665 1074 715 1112 ad
731 1081 782 1112 te.
820 1073 928 1111 Mihi
955 1074 1115 1126 quidem
1134 1075 1286 1116 videtur

153 1129 271 1168 etiam
289 1129 434 1168 diutius
447 1128 676 1168 abfuturus:
707 1141 751 1167 ac
765 1128 908 1167 nouem
926 1143 936 1166 :
968 1128 1079 1168 valde
1094 1129 1198 1168 enim
1216 1130 1287 1170 ho-

155 1183 303 1223 minem
323 1183 507 1224 desidero.

385 1350 472 1398 (3.)
503 1347 721 1390 CICERO
749 1347 970 1390 ATTICO
1002 1349 1042 1389 5,

208 1461 249 1499 A
269 1467 307 1499 te
324 1459 452 1499 literas
472 1461 770 1511 exspectabam,
759 1472 770 1482 ·
801 1458 978 1498 nondum
997 1459 1163 1498 50111051.
1153 1474 1163 1484 ·
1194 1473 1287 1500 nam

155 1516 226 1554 has
258 1527 373 1554 mane
404 1514 672 1553 rescribebam.
711 1513 800 1565 Ego
830 1526 919 1552 vero
948 1513 1022 1552 ista
1050 1515 1210 1554 nomina
1235 1517 1288 1555 sic

155 1571 291 1622 probo,
311 1576 357 1608 ut
373 1569 472 1607 nihil
491 1568 598 1607 aliud
622 1582 686 1607 me
707 1574 874 1615 111ον531,
895 1567 970 1606 11151
995 1569 1101 1621 quod
1120 1577 1163 1608 tu
1182 1570 1288 1609 vide-

156 1624 210 1663 ris
228 1623 416 1663 dubitare.
447 1622 554 1661 Illud
573 1623 677 1662 enim
702 1634 781 1661 non
804 1621 950 1674 accipio
977 1622 1019 1661 in
1038 1624 1181 1662 bonam
1199 1638 1288 1676 par-

156 1687 252 1728 tem,
273 1677 378 1730 quod
396 1678 445 1716 ad
457 1691 521 1717 me
538 1677 680 1725 refers,
702 1677 786 1729 qui,
797 1677 829 1715 si
843 1676 924 1728 ipse
941 1677 1141 1729 negotium
1155 1691 1290 1718 meum

157 1745 342 1785 gererem,
362 1732 462 1771 nihil
482 1745 667 1784 gererem,
688 1731 763 1770 nisi
781 1731 940 1769 consilio
958 1741 1038 1770 tuo.
1061 1732 1138 1771 Sed
1157 1740 1287 1772 tamen

157 1787 345 1839 intelligo,
375 1787 499 1839 magis
525 1795 564 1825 te
586 1786 629 1824 id
652 1787 775 1825 facere
800 1785 1015 1837 diligentia,
1042 1800 1121 1838 qua
1139 1800 1290 1839 semper

156 1842 290 1889 uteris,
319 1854 437 1893 quam
463 1841 569 1894 quod
594 1841 746 1880 dubites
768 1839 816 1879 de
840 1840 1064 1880 nominibus
1083 1841 1176 1881 istis.
1216 1843 1292 1881 Et-

158 1897 262 1936 enim
277 1895 446 1935 Coelium
464 1908 543 1934 non
560 1897 699 1948 probas
717 1910 727 1933 ε
750 1895 864 1946 plura
882 1907 960 1933 non
976 1895 1033 1933 vis
1049 1910 1060 1934 ι
1078 1904 1290 1949 utrumque

155 1952 285 1991 laudo.
316 1951 392 1989 His
410 1950 529 2002 igitur
546 1951 735 1989 utendum
755 1957 836 1995 est3
865 1962 965 2001 praes
984 1950 1193 2002 aliquando
1211 1951 1290 1990 fac-

158 2015 222 2046 tus
241 2018 354 2054 esseS,
370 2013 408 2044 et
424 2006 467 2044 in
484 2005 545 2044 his
564 2005 722 2057 quidem
741 2003 898 2043 tabulis.
928 2005 971 2042 A
989 2017 1054 2043 me
1072 2005 1191 2056 igitur
1205 2018 1289 2044 om-

159 2062 237 2100 nia.
266 2059 387 2109 Quod
417 2060 497 2099 dies
525 2059 676 2111 longior
703 2066 773 2108 est,
804 2062 1024 2102 (teneamus
1043 2060 1160 2099 modo
1186 2060 1290 2112 quod

158 2117 357 2163 volumus)
382 2122 478 2167 puto
510 2114 591 2153 fore
618 2114 732 2153 istam
763 2112 880 2152 etiam
911 2127 935 2152 a
964 2126 1139 2165 praecone
1167 2114 1287 2165 diem,

159 2178 259 2211 certe
276 2171 326 2209 ab
343 2168 572 2210 haeredibus.
610 2168 674 2208 De
692 2167 830 2220 Crispo
848 2175 886 2207 et
906 2167 1099 2208 Mustella
1112 2168 1284 2209 videbis:
