1467 2401
336 483 408 534 M.
441 485 665 534 TULLII
704 484 1068 535 CICERONIS

414 631 999 686 EPISTOLARUM

512 759 597 799 AD
625 759 900 800 ATTICUM

569 881 725 921 LIBER
753 882 859 921 XII.

632 1014 786 1046 -4-

482 1134 933 1176 ARGUMENTUM

146 1241 495 1282 OMITTUNTUR
526 1243 606 1282 sine
634 1243 753 1282 literis
777 1256 927 1283 menses
960 1255 1038 1282 non
1074 1242 1274 1295 pauciores

144 1308 243 1335 sex·
264 1309 404 1349 nempe
416 1311 463 1336 ex
484 1297 644 1336 calend.
662 1292 856 1349 Septemb.
871 1298 1012 1350 quibus
1023 1297 1162 1336 desinit
1173 1298 1271 1337 liber

143 1351 319 1402 proxime
337 1352 521 1403 superior,
550 1351 600 1390 ad
621 1365 744 1413 usque
762 1360 914 1404 tempus
938 1352 1050 1400 illud,
1072 1365 1160 1390 cum
1184 1353 1268 1401 jam

145 1405 324 1443 bellum
313 1418 354 1443 m
369 1406 505 1445 Africa
523 1412 655 1444 contra
679 1406 897 1457 Scipionem
917 1414 955 1445 et
973 1406 1001 1444 J
1004 1407 1122 1444 ubam
1143 1406 1270 1444 Caesar

143 1467 301 1510 gereret.
342 1460 464 1508 Nam,
484 1474 508 1498 a
525 1460 627 1498 bello
656 1460 919 1498 Alexandrino
946 1468 983 1498 et
1009 1460 1126 1498 Ponti
1144 1473 1269 1498 rever-

145 1525 224 1561 sus,
245 1515 454 1566 consulque
474 1514 544 1552 III
567 1527 657 1552 cum
675 1514 737 1552 M.
758 1515 922 1553 AEmilio
942 1514 1091 1566 Lepido
1106 1522 1267 1563 creatus,

145 1566 299 1605 summa
317 1567 443 1607 hieme
462 1569 551 1612 (hoc
570 1576 638 1617 est,
661 1568 783 1619 pridie
803 1569 886 1607 Cal.
907 1569 936 1607 J
938 1576 1017 1615 an.)
1038 1568 1268 1617 conscendit,

143 1622 430 1673 exercitumque
449 1622 490 1660 in
510 1622 686 1660 Africam
700 1623 872 1672 trajecit:
895 1635 972 1674 quo
986 1630 1157 1673 tempore
1172 1636 1269 1675 qua-

143 1682 229 1713 tuor
255 1676 391 1727 primae
417 1676 584 1728 epistolae
615 1676 764 1742 scriptae
790 1684 890 1714 sunt.
934 1676 1084 1724 Quinta
1103 1684 1140 1714 et
1159 1684 1269 1714 sexta

94 1724 99 1732 '
143 1728 243 1767 datae
263 1731 452 1778 videntur,
473 1744 562 1769 cum
588 1731 703 1780 jam(
700 1732 821 1769 ,133531
839 1731 901 1769 vel
925 1731 1265 1782 appropinquaret,

141 1783 203 1822 vel
216 1784 398 1822 rediisset.
428 1785 561 1822 Rediit
579 1792 708 1822 autem
729 1798 762 1822 a.
783 1785 820 1822 d.
841 1784 931 1822 XII
953 1784 1037 1823 Cal.
1058 1787 1162 1835 Sept.
1176 1797 1268 1822 auc-

138 1843 220 1875 tore
239 1838 383 1876 Hirtio.
413 1839 606 1890 Reliquae,
626 1851 715 1877 curn
732 1839 774 1876 in
794 1838 986 1890 Hispania
999 1846 1128 1876 contra
1144 1839 1264 1876 Pom-

138 1891 217 1942 peii
246 1891 385 1931 liberos
417 1900 667 1943 pugnaretur,
689 1892 822 1931 eodem
842 1893 888 1931 C.
910 1891 1060 1931 Caesare
1079 1892 1263 1930 dictatore

139 1944 227 1993 III,
255 1945 451 1997 designato
471 1947 550 1995 IV,
573 1947 717 1997 collega
739 1953 776 1984 et
800 1946 984 1998 magistro
1002 1946 1178 1997 equitum
1197 1946 1263 1984 M.

137 1998 303 2038 AEmilio
327 2000 412 2051 Lep
413 1999 502 2046 ido;
533 2013 611 2052 quo
639 2007 745 2051 temp
747 2013 811 2038 ore
831 2001 966 2039 Tullia
985 2013 1032 2038 ex
1051 2007 1165 2051 partu
1197 2000 1262 2051 (ut

139 2052 334 2091 Pedianus
364 2062 403 2092 et
431 2054 663 2092 Plutarchus
688 2052 816 2104 aiunt)
838 2068 886 2106 ap
889 2054 942 2092 ud
961 2054 1175 2092 Lentulum
1194 2053 1262 2091 de-

137 2106 259 2144 cessit.
289 2108 442 2160 Itaque,
456 2121 545 2147 cum
557 2121 596 2147 se
608 2108 740 2147 Cicero
751 2112 909 2146 Asturae
921 2107 1141 2154 abdidisset,
1162 2120 1260 2158 quo-

137 2159 298 2199 tidianas
334 2174 444 2214 paene
473 2162 601 2201 literas
632 2161 824 2211 mittebat,
861 2162 1026 2214 gemitus
1054 2162 1260 2212 luctusque
