1498 2401
165 49 246 89 310
327 49 411 89 AD
440 50 492 100 Q.
524 50 820 90 FRATREM.
850 50 950 89 11113.
967 49 1026 89 11.
1062 49 1124 88 11.

219 157 398 198 Marium
425 167 556 199 autem
576 168 750 199 nostrum
776 161 821 199 111
842 159 1015 199 lecticam
1034 153 1288 205 (mehercule)

165 213 421 263 conjecissem,
450 227 527 253 non
554 215 663 253 illam
690 215 788 267 regis
817 214 1018 254 Ptolemaei
1039 211 1290 252 Anicianam.

166 266 337 306 Memini
369 269 472 307 enlm
498 281 587 307 cum
623 270 821 308 hominem
849 276 1041 322 portarem
1076 267 1126 305 ad
1154 265 1288 314 Bajas,

165 321 347 374 Neapoli,
379 323 583 375 octophoro
609 324 815 373 Aniciano,
853 321 1174 374 machaerophoris
1203 332 1292 358 6611-

165 382 252 414 tum
281 378 541 429 sequentibuS,
573 379 689 418 miros
716 379 814 417 risus
844 391 912 417 nos
938 377 1063 439 edere,
1092 388 1183 415 cum
1208 374 1290 423 ine,

161 429 320 481 ignarus
348 432 407 470 sui
435 433 651 480 comitatus,
678 441 833 486 repente
859 432 1008 495 aperuit
1032 430 1221 477 lentim,
1248 435 1289 467 et

163 497 274 536 paene
304 486 369 525 ille
402 487 551 536 timore,
578 501 649 539 ego
671 488 750 526 risu
779 488 915 527 corrui.
955 486 1084 534 Tunc,
1114 492 1161 524 ut
1187 457 1288 532 dico,

164 546 263 578 certe
295 553 359 579 sus
343 541 548 588 tulissem,
582 550 628 580 ut
663 542 870 594 aliquando
906 541 1158 581 subtilitatem
1184 545 1289 577 vete-

166 593 219 632 ris
236 595 465 634 urbanitatis
484 603 522 634 et
537 570 808 635 humanissimi
831 595 1016 635 sermonis
1032 595 1286 646 attingerem·

163 647 229 686 sed
260 648 458 688 hominem
488 650 724 689 infirmum
713 664 754 688 m
783 650 916 689 villam
942 657 1129 701 apertam,
1163 661 1208 687 ac
1239 659 1290 686 ne

165 701 342 756 [rudem]
371 705 530 756 quidem
560 705 675 743 etiam
705 717 823 756 nunc,
857 704 1018 743 invitare
1048 703 1168 741 nolui.
1197 702 1286 741 Hoc

163 770 252 795 vero
270 758 368 796 mihi
385 759 575 810 peculiare
601 758 730 808 fuerit,
750 759 814 797 hic
834 759 948 798 etiam
968 757 1041 796 isto
1058 757 1164 796 frui:
1193 769 1287 794 nam

162 811 319 850 illorum
337 813 570 864 praediorum
598 813 692 852 scito
718 788 816 851 inihi
835 813 1004 851 vicinum
1031 811 1208 850 Marium
1226 811 1290 849 lu-

162 877 255 904 men
274 879 364 905 esse.
393 867 517 919 Apud
536 868 723 906 Anicium
738 868 953 907 videbimus
966 873 1012 905 ut
1028 874 1207 919 paratum
1227 865 1289 904 sit.

166 918 250 958 Nos
270 921 373 958 enim
393 922 448 960 ita
465 922 652 974 philologi
669 936 817 971 sumus,
838 929 883 960 ut
901 922 962 961 vel
980 934 1071 960 cum
1088 920 1206 960 fabris
1219 919 1290 958 ha-

165 974 287 1013 bitare
313 976 516 1027 possimus·
554 977 757 1016 Habemus
775 978 875 1016 113116
893 975 1191 1029 philosophiam,
1210 986 1291 1012 non

165 1030 215 1067 ab
236 1029 440 1081 Hymetto,
455 1031 520 1069 sed
539 1033 588 1070 ab
607 1045 696 1070 area
709 1032 818 1083 Syra.
849 1031 1002 1070 Marius
1017 1038 1054 1069 et
1072 1028 1291 1069 valetudine

167 1090 224 1121 est
242 1091 280 1122 et
303 1085 443 1123 natura
459 1085 697 1125 imbecillior.
735 1086 800 1125 De
816 1085 1120 1138 interpellatione
1135 1090 1292 1122 tantum

165 1149 320 1176 sumam
349 1153 372 1177 a
390 1140 497 1178 vobis
526 1141 708 1192 temporis
735 1140 784 1179 ad
810 1139 1071 1188 scribendum,
1091 1146 1293 1206 quantum

163 1191 316 1232 dabitis.
345 1194 508 1233 Utinam
527 1194 626 1233 nihil
643 1195 753 1245 detis,
773 1203 819 1234 ut
842 1195 971 1248 potius
989 1194 1115 1233 vestra
1131 1191 1293 1244 injuria,

163 1259 284 1298 quam
303 1248 457 1300 ignavm
475 1249 577 1296 mea,
597 1263 767 1290 cessem.
758 1250 767 1275 '

217 1301 283 1341 De
302 1315 342 1341 re
359 1303 515 1355 publica
532 1305 698 1343 nimium
710 1313 748 1343 te
766 1305 938 1344 laborare
956 1303 1081 1365 doleo,
1101 1309 1139 1341 et
1153 1300 1290 1340 melio-

162 1368 242 1394 rem
273 1357 394 1396 civem
415 1371 508 1407 oese,
529 1372 649 1410 quam
669 1359 936 1407 Philocteoem,
952 1358 1035 1410 qui,
1056 1357 1211 1408 accepta
1227 1355 1290 1394 in-

156 1410 277 1459 juria,
298 1411 365 1450 illa
383 1426 399 1450 s
401 1387 598 1464 9661361113
615 1415 824 1464 quaerebat,
852 1427 939 1466 quae
966 1412 1037 1452 tibi
1054 1413 1191 1451 3661113
1207 1423 1291 1449 aese

160 1464 283 1503 video.
311 1467 470 1505 Amabo
484 1474 534 1516 te,
555 1467 716 1506 advola:
745 1469 968 1507 consolabor
986 1474 1050 1513 te;
1079 1474 1118 1505 et
1131 1477 1290 1504 omnen

161 1520 384 1571 abstergebo
398 1521 597 1560 dolorem:
619 1529 655 1560 et
669 1522 795 1561 adduc
807 1522 855 1567 (si
867 1535 931 1561 me
944 1519 1069 1571 amas)
1085 1520 1287 1559 Matium·

161 1572 227 1611 sed
246 1583 506 1628 approperate.
536 1575 687 1616 Hortus
705 1577 811 1616 domi
829 1583 898 1616 est.

327 1737 448 1790 (11.)
479 1738 719 1780 MARCUS
747 1740 802 1790 Q.
825 1739 1049 1781 FRATRI
1077 1740 1121 1781 S·

214 1846 543 1897 (Argumentum.
555 1874 610 1882 --
625 1847 688 1888 De
707 1849 889 1889 Tenediis
910 1851 1053 1890 frustra
1068 1849 1286 1889 libertatem

161 1903 402 1953 petentibus:
433 1902 481 1940 de
504 1903 684 1943 laudibus
709 1904 864 1955 Quinti,
894 1912 932 1944 et
963 1906 1011 1944 de
1038 1905 1211 1944 Lucretii
1239 1917 1288 1943 36

112 1970 116 1971 ’
160 1956 334 1995 Sallustii
352 1956 627 2009 poematibus.)

215 2064 433 2118 Epistolam
450 2065 550 2106 hanc
561 2067 730 2107 convicio
743 2068 1003 2121 efflagitarunt
1020 2067 1183 2108 codicilli
1202 2067 1282 2107 tui·

163 2130 254 2158 nam
278 2133 336 2159 res
361 2120 553 2173 quidem
543 2134 639 2173 ipsa,
660 2130 697 2161 et
715 2123 748 2162 is
765 2123 846 2163 dies
864 2136 942 2176 quo
960 2131 1003 2162 tu
1021 2136 1060 2162 ω
1077 2123 1285 2176 profectus,

165 2173 263 2213 nihil
295 2175 391 2213 mihi
421 2175 471 2214 ad
503 2175 744 2216 scribendum
779 2178 996 2230 argumenti
1025 2189 1116 2218 sane
1151 2177 1284 2219 dabat.
