1498 2401
331 84 413 125 AD
442 84 724 125 ATTICUM.
757 85 858 124 111ss.
889 83 1018 123 XIII.
1050 84 1119 122 52.
1219 82 1291 126 177

385 196 501 243 (52.)
538 193 751 234 CICERO
779 192 1003 233 ATTICO
1033 193 1074 232 S.

220 302 260 344 Ο
292 302 485 355 hospitem
516 303 615 342 mihi
646 310 728 342 tam
756 302 941 355 gravem!
975 307 1290 351 αμεταμελητονε

164 356 240 395 fuit
259 357 364 396 enim
381 358 631 410 perjucunde.
663 357 754 406 Sed,
774 370 864 396 cum
883 355 1058 395 secundis
1077 354 1293 395 Saturnali-

165 413 238 450 bus
256 411 306 450 ad
325 412 555 465 Philippum
567 413 714 465 vesperi
729 412 905 459 venisset,
921 411 1014 450 villa
1027 410 1081 448 ita
1100 409 1292 460 completa

164 466 353 505 militibus
382 477 456 516 vest,
476 475 521 505 ut
541 466 605 506 vix
633 466 858 514 triclinium,
885 465 953 504 ubi
972 472 1188 503 coenaturus
1211 463 1294 515 ipse

165 519 296 561 Caesar
321 528 431 569 esset,
452 528 627 561 vacaret:
659 522 803 574 quippe
820 519 1026 559 hominum
1046 518 1159 557 MM.
1192 518 1294 556 Sane

163 588 251 614 sum
281 583 510 627 commotus,
545 576 640 628 quid
670 576 850 614 futurum
883 581 980 613 esset
1009 572 1216 626 postridie:
1249 585 1294 610 ac

163 630 261 669 mihi
279 630 411 669 Barba
432 630 588 670 Cassius
608 631 811 669 subvenit:
843 628 1017 668 custodes
1049 627 1166 666 dedit.
1198 624 1294 666 Cas-

164 691 224 723 tra
241 685 282 723 in
302 697 414 736 agro:
444 685 538 724 villa
567 684 724 724 defensa
742 692 809 724 est.
841 683 929 733 Ille,
958 682 1080 721 tertiis
1101 684 1293 721 Saturna-

164 739 281 788 libus,
311 738 418 791 apud
448 739 679 791 Philippum
699 739 749 778 ad
766 739 903 777 horam
922 736 1010 777 VII
1027 752 1037 775 ε
1067 749 1138 775 nec
1156 748 1294 788 quem-

164 806 285 845 quam
303 793 470 833 admisit.
499 794 698 844 Rationes,
729 793 879 846 opinor,
908 805 999 832 cum
1024 792 1162 830 Balbo.
1194 789 1294 828 Inde

164 847 380 887 ambulavit
396 848 439 887 in
465 848 587 887 litore.
618 849 712 887 Post
740 848 877 888 horam
897 845 984 887 VII
1014 847 1055 885 in
1074 845 1258 885 balneum
1280 859 1292 882 ε

164 909 252 941 tum
284 902 431 942 audivit
459 902 507 941 de
539 902 774 942 Mamurra:
806 902 960 942 vultum
989 914 1068 940 non
1098 899 1293 939 mutavit:

164 964 304 995 unctus
336 964 417 1004 oet3
448 957 654 1004 accubuit;
687 972 857 1006 εμετικην
892 957 1043 1008 agebat.
1077 953 1214 1007 Itaque
1252 961 1290 992 et

166 1010 244 1049 edit
263 1019 300 1050 et
327 1011 426 1051 bibit
446 1011 556 1056 αδεως
574 1019 612 1051 et
632 1010 805 1062 jucunde
821 1024 833 1057 3
864 1011 1022 1063 opipare
1041 1022 1147 1059 sane,
1168 1016 1205 1048 et
1223 1021 1293 1061 ap-

165 1073 324 1117 parate:
354 1078 425 1105 nec
443 1065 484 1104 id
502 1066 644 1116 solum,
666 1065 732 1105 sed

225 1183 759 1195 ............................
773 1156 902 1195 ,.....“
915 1155 1013 1194 bene
1031 1160 1150 1202 cocto,
1166 1160 1204 1192 et

222 1208 388 1249 Condito
407 1222 581 1248 sermone
600 1211 715 1258 bono,
737 1217 788 1259 et,
809 1209 841 1248 si
854 1209 1004 1261 quaeri',
1025 1207 1229 1246 libenter?

221 1292 412 1331 Praeterea
431 1292 553 1331 tribus
565 1290 739 1330 tricliniis
758 1289 902 1342 accepti
915 1291 946 1326 οἱ
960 1305 1041 1340 περι
1064 1303 1168 1326 ocu-rou
1183 1288 1295 1328 valde

165 1347 328 1399 copiose.
356 1346 525 1386 Libertis
555 1346 686 1384 minus
711 1345 840 1393 lautis,
873 1343 1080 1395 servisque,
1101 1342 1199 1381 nihil
1229 1343 1296 1382 de-

164 1401 267 1448 fuit3
298 1413 390 1439 nam
409 1401 590 1440 lautiores
609 1400 801 1451 eleganter
819 1398 976 1450 accepti.
1005 1397 1116 1445 Quid
1133 1397 1260 1436 multa
1276 1400 1295 1437 Ρ

165 1455 341 1494 homines
360 1455 431 1494 visi
451 1468 597 1494 sumus.
629 1455 783 1506 Hospes
801 1461 932 1492 tamen
951 1464 1029 1491 non
1048 1452 1095 1502 is,
1116 1452 1179 1490 cui
1197 1451 1299 1491 dice-

165 1523 238 1557 res,
258 1510 417 1549 Amabo
436 1518 487 1559 te,
515 1509 651 1549 eodem
681 1509 731 1547 ad
749 1520 813 1546 me
831 1520 921 1547 cum
939 1508 1140 1546 revertere.
1168 1507 1299 1545 Semel

166 1565 256 1604 satis
271 1573 338 1603 est.
360 1564 548 1603 Σπουδαιον
565 1563 656 1602 ουὸεν
674 1564 715 1601 in
734 1575 908 1602 sermone
925 1576 936 1599 ε
960 1568 1143 1611 φιλολογα
1157 1562 1297 1600 multa.

166 1619 277 1668 Quid
305 1618 445 1671 quaeris
462 1621 480 1658 ?
509 1618 718 1657 delectatus
748 1625 818 1666 est,
847 1624 884 1656 et
908 1616 1071 1655 libenter
1095 1614 1182 1654 fuit.
1213 1616 1297 1654 Pu-

166 1674 276 1712 teolis
301 1687 340 1712 se
359 1674 485 1712 aiebat
503 1685 629 1712 unum
648 1672 752 1712 diem
770 1671 866 1721 fore,
886 1671 1052 1710 alterum
1080 1669 1132 1709 ad
1162 1671 1294 1710 Baias.

167 1727 302 1767 Habes
325 1727 555 1779 hospitium,
583 1728 662 1766 sive
690 1729 942 1775 επισταὲμιαν
973 1724 1160 1774 odiosam,
1180 1725 1292 1775 mihi,

167 1782 264 1830 dixi,
299 1794 376 1820 non
402 1782 618 1821 molestam.
649 1781 738 1833 Ego
758 1780 954 1832 paulisper
985 1779 1064 1828 hic,
1098 1779 1236 1818 deinde
1252 1780 1294 1818 in

167 1836 449 1875 Tusculanum.
478 1836 694 1876 Dolabellae
712 1835 846 1874 villam
860 1847 950 1873 cum
967 1833 1190 1886 praeteriret,
1211 1847 1296 1873 om-

167 1891 227 1929 nis
245 1898 482 1930 armatorum
510 1891 619 1943 copia
637 1890 774 1930 dextra
792 1889 947 1930 sinistra
974 1887 1024 1928 ad
1043 1901 1203 1941 equum,
1225 1901 1295 1929 nec

169 1958 335 1998 usquam
353 1944 459 1985 alibi.
488 1945 578 1986 Hoc
596 1959 644 1985 ex
666 1944 792 1984 Nicia.
