1498 2401
345 82 430 121 AD
459 82 747 122 ATTICUM.
777 82 877 122 Lm.
911 83 1039 124 XIII.
1069 86 1136 124 38.
1237 86 1312 131 167

186 191 364 231 Hirtium
395 203 484 229 cum
520 191 670 240 Quinto
705 192 888 231 acerrime
917 206 988 244 pro
1019 205 1084 232 me
1116 194 1312 246 litigasse:

183 246 364 285 omnibus
390 258 478 284 eum
499 246 590 284 locis
609 246 747 294 facere,
768 247 1017 299 maximeque
1042 248 1083 286 in
1103 250 1312 288 comiviis:

184 313 274 339 cum
292 300 419 338 multa
436 300 484 338 de
502 313 580 348 me,
601 308 687 339 tum
707 301 829 340 redire
848 301 897 340 ad
915 310 1065 353 patrem
1083 317 1093 341 :
1125 303 1223 341 nihil
1243 318 1316 342 au-

182 361 262 394 tem
277 356 325 393 ab
342 368 385 393 eo
397 362 479 392 tam
496 357 721 405 αξιοπιστως
735 355 824 404 dici,
843 369 964 408 quam
976 357 1228 397 alienissimos
1243 371 1315 398 nos

179 422 262 448 esse
293 423 317 448 a
351 408 529 448 Caesare:
560 409 678 447 fidem
708 410 818 449 nobis
847 410 1067 450 habendam
1097 424 1176 450 non
1205 426 1312 451 esse:

178 476 243 502 me
260 477 349 502 vero
369 463 484 503 etiam
505 463 718 502 cavendum
736 480 746 503 :
781 465 946 517 (ῖοὲερον
967 482 1021 511 ην,
1049 466 1123 504 11151
1142 467 1312 506 viderem

180 518 272 557 scire
291 531 436 570 regem,
452 531 516 556 me
530 518 651 557 animi
671 518 768 557 nihil
787 518 947 569 habere)
981 518 1207 559 Ciceronem
1222 535 1314 561 vero

178 585 312 612 meum
331 573 475 611 vexari.
506 573 583 612 Sed
601 573 641 610 id
661 574 820 625 quidem
840 574 1026 613 arbitratu
1045 588 1126 613 suo.

233 626 516 666 Laudationem
530 628 676 666 Porciae
694 629 843 679 gaudeo
857 641 921 667 me
933 637 1021 667 ante
1036 629 1184 669 dedisse
1203 630 1310 683 Lep-

178 689 228 721 tae
246 682 458 730 tabellario,
480 695 600 734 quam
627 690 713 721 tuas
732 683 942 735 acceperim
972 683 1112 722 literas.
1142 685 1245 723 Eam
1266 695 1309 724 tu

178 737 310 788 igitur,
332 736 364 775 si
392 749 456 774 me
481 750 602 783 amas,
635 738 800 786 curabis,
825 738 857 776 si
881 737 998 777 modo
1018 739 1208 790 mittetur,
1235 740 1311 779 isto

176 790 292 830 modo
311 790 539 829 mittendam
560 791 736 830 Domitio
756 800 793 831 et
811 793 950 831 Bruto.

230 845 294 884 De
320 845 611 897 gladiatoribus,
640 847 687 885 de
717 847 876 895 caeteris,
907 861 996 899 quae
1025 848 1158 887 scribis
1182 865 1310 897 ανεμε-

178 908 334 949 φορητα,
355 900 468 939 facies
487 913 551 939 me
570 901 742 952 quotidie
772 903 984 941 certiorem.
1015 902 1164 951 Velim,
1186 904 1217 942 si
1237 905 1308 943 tibi

174 954 340 1002 videtur,
371 955 540 1006 appelles
570 955 744 994 Balbum
775 964 813 994 et
843 956 1023 996 Offilium
1054 957 1101 996 de
1131 958 1309 998 auctione

173 1009 456 1060 proscribenda.
492 1009 690 1061 Equidem
719 1011 872 1049 locutus
905 1024 993 1049 sum
1026 1024 1117 1050 cum
1150 1013 1303 1052 Balbo·

173 1064 360 1115 placebat.
391 1064 495 1103 Puto
521 1065 733 1116 conscripta
762 1065 903 1104 habere
929 1065 1110 1105 Offilium
1142 1068 1304 1113 omnia;

172 1118 347 1158 habetet
364 1118 542 1158 Balbus:
574 1119 639 1157 sed
664 1120 791 1159 Balbo
819 1121 1009 1172 placebat,
1038 1121 1305 1173 propinquum

172 1172 291 1221 diem,
326 1181 363 1212 et
393 1174 560 1212 Romae:
592 1174 624 1212 si
649 1174 778 1213 Caesar
802 1182 1031 1222 moraretur,
1062 1188 1172 1227 posse
1199 1176 1304 1215 diem

169 1226 336 1265 differri:
369 1240 407 1266 se
410 1228 464 1265 (1
454 1242 486 1266 is
506 1227 664 1289 quidem
681 1229 810 1267 adesse
826 1229 989 1268 videtur.
1021 1229 1196 1269 Totum
1185 1231 1306 1282 lgitur

169 1281 388 1321 considera·
419 1283 543 1334 placet
563 1282 666 1321 enim
686 1283 877 1322 Vestorio.

386 1445 504 1499 (38.)
536 1445 755 1487 CICERO
783 1446 1009 1488 ATTICO
1039 1448 1079 1488 S.

217 1558 323 1597 Ante
341 1555 469 1596 lucem
492 1569 583 1596 cum
606 1556 811 1596 scriberem
836 1564 969 1596 contra
994 1556 1221 1609 Epicureos,
1249 1558 1299 1598 de

164 1613 298 1653 eodem
328 1612 411 1650 oleo
441 1619 479 1651 et
510 1611 627 1664 opera
653 1612 807 1650 exaravi
830 1611 958 1650 nescio
981 1612 1077 1664 quid
1102 1611 1151 1651 ad
1180 1620 1232 1661 te,
1260 1621 1299 1652 et

163 1674 252 1707 ante
269 1667 398 1706 lucem
426 1666 527 1706 dedi.
555 1665 726 1715 Deinde,
746 1679 852 1715 curn,
880 1679 1016 1705 somno
1041 1667 1217 1719 repetito,
1245 1667 1297 1707 si-

161 1723 248 1761 mul
265 1734 355 1762 cum
373 1721 451 1760 sole
469 1728 711 1773 experrectus
730 1734 866 1770 8558111,
887 1721 1001 1760 datur
1019 1722 1118 1760 mihi
1137 1722 1298 1785 epistola

161 1790 185 1816 a
203 1777 339 1816 sororis
357 1783 434 1815 tuae
452 1775 547 1826 filio,
567 1789 688 1829 quam
718 1776 843 1843 ipsam
863 1776 934 1815 tibi
961 1776 1080 1821 misi;
1111 1778 1222 1827 cujus
1241 1785 1298 1816 est

160 1832 397 1885 principium
428 1842 508 1870 non
534 1830 616 1870 sine
635 1830 810 1870 maxima
831 1831 1088 1870 contumelia:
1122 1831 1189 1870 sed
1216 1831 1297 1870 for-

160 1893 258 1926 tasse
277 1902 337 1924 ουκ
359 1901 498 1928 επεστη
506 1902 577 1924 σεν.
598 1886 674 1925 Est
692 1892 822 1925 autem
843 1885 923 1925 sic·
912 1915 924 1932 ‚
947 1888 975 1909 ‘⁶
992 1886 1081 1938 Ego
1095 1886 1200 1924 8111111
1215 1898 1295 1925 11011

159 1943 293 1994 probo,
319 1939 512 1993 quidquid
536 1953 615 1979 non
633 1940 734 1980 belle
760 1941 802 1979 in
822 1948 859 1980 te
878 1940 954 1979 dici
977 1941 1145 1993 potest..”
1174 1941 1295 1980 Posse

160 1997 243 2036 vult
259 1997 302 2035 in
319 2008 384 2034 me
401 1995 529 2033 multa
542 1995 618 2034 dici
630 2008 710 2034 non
728 1995 829 2035 belle
845 2009 858 2041 ς
889 1995 955 2034 58(1
975 2009 1019 2034 ea
1031 2008 1070 2034 se
1088 2002 1205 2047 negat
1224 2009 1294 2048 ap-

158 2053 328 2103 probare.
359 2050 450 2088 Hoc
479 2050 695 2102 quidquam
722 2057 813 2103 pote
842 2049 1065 2102 impurius?
1092 2050 1188 2088 Jam
1219 2063 1293 2089 cae-

157 2113 235 2145 tera
263 2107 365 2157 leges
398 2104 504 2147 (misi
533 2104 637 2143 enim
666 2105 717 2143 ad
749 2103 835 2155 te):
863 2105 1145 2157 judicabisque‚
1173 2104 1293 2143 Bruti

157 2161 274 2200 nostri
299 2158 534 2212 quotidianis
562 2159 802 2212 assiduisque
824 2159 1020 2206 laudibus,
1049 2172 1146 2210 quas
1165 2160 1214 2197 ab
1244 2171 1291 2197 eo

155 2215 202 2255 de
219 2214 329 2254 nobis
348 2213 482 2253 haberi
500 2214 684 2265 permulti
703 2214 802 2252 mihi
829 2213 1162 2259 renuntiaverunt,
1183 2225 1289 2252 com-
