1513 2370
248 94 333 140 '108
441 96 525 138 AD
543 96 830 141 ATTICUM.
858 100 959 141 Lm.
983 100 1085 142 XII.
1115 101 1182 142 14.

251 206 350 247 mihi
379 214 508 245 tamen
539 207 726 260 lacrymas
750 210 972 250 attulerunt.
1002 207 1075 249 Me
1100 210 1183 249 haec
1204 207 1368 248 solitudo

252 262 381 299 minus
393 262 578 309 stimulat,
595 276 712 314 quam
725 263 796 302 ista
810 265 1016 303 celebritas.
1047 265 1108 303 Te
1125 277 1249 302 unum
1267 262 1369 301 desi-

248 316 368 360 dero;
399 315 465 354 sed
495 315 614 354 literis
633 329 709 354 non
740 318 930 357 difficilius
949 327 1049 366 utor,
1074 330 1193 370 quam
1211 317 1243 356 si
1261 316 1369 355 domi

248 383 397 408 essem:
428 369 539 407 ardor
567 377 696 408 tamen
720 370 786 409 ille
804 372 907 410 idem
935 379 1046 424 urget
1064 381 1101 410 et
1119 379 1262 420 manet,
1289 382 1367 408 non

251 422 506 476 (mehercule)
529 423 752 476 indulgente
780 438 857 474 me,
882 426 947 465 sed
971 434 1101 465 tamen
1129 438 1208 464 non
1226 437 1368 478 repug-

249 485 377 516 nante.

304 531 423 579 Quod
442 531 572 569 scribis
590 531 637 570 de
659 533 837 584 Apuleio,
858 533 955 571 nihil
973 540 1068 584 puto
1086 546 1183 584 opus
1201 545 1280 572 esse
1297 532 1368 572 tu&

249 585 502 633 contentione,
536 597 605 623 nec
634 587 760 625 Balbo
785 596 823 625 et
852 587 1008 638 Oppio;
1039 588 1181 638 quibus
1209 587 1368 639 quidem

248 639 314 677 ille
344 646 545 689 receperat,
579 639 752 691 mihique
780 642 895 678 etiam
924 642 1090 690 jusserat
1113 641 1296 689 nuntiari,
1328 654 1368 679 se

248 693 455 731 molestum
474 692 631 730 omnino
649 706 726 730 non
746 694 935 732 futurum.
966 695 1041 733 Sed
1065 708 1169 742 cura,
1189 702 1234 733 ut
1252 707 1369 733 excu-

246 760 306 785 ser
323 746 449 784 morbi
468 746 581 784 causa
599 746 639 783 in
655 747 734 784 dies
753 748 935 799 singulos.
965 748 1104 787 Laenas
1123 749 1195 787 hoc
1213 761 1365 799 recepe-

247 808 319 838 rat.
351 799 501 838 Prende
535 799 581 838 C.
603 800 848 851 Septimium,
875 802 923 839 Is.
945 802 1153 840 Statilium.
1186 803 1367 854 Denique

243 866 362 892 nemo
380 853 535 904 negabit
554 866 591 890 se
613 855 848 903 juraturum,
875 868 991 906 quem
1013 856 1169 907 rogaris.
1199 856 1316 904 Quod
1335 856 1367 894 si
1396 904 1402 907 .

247 909 318 946 erit
346 907 492 952 durius,
514 907 679 955 veniam,
702 915 738 945 et
756 908 837 958 ipse
855 916 1085 960 perpetuum
1103 911 1283 948 morbum
1303 911 1369 960 ju-

246 964 349 999 rabo.
381 961 483 999 Cum
503 961 605 998 enim
629 962 727 999 mihi
753 963 959 1001 carendum
978 963 1026 1001 sit
1049 964 1243 1013 conviviis,
1262 964 1368 1001 malo

246 1015 287 1053 id
305 1016 388 1065 lege
404 1014 522 1052 videri
540 1014 676 1062 facere,
691 1028 809 1066 quam
828 1016 967 1054 dolore.
1000 1015 1218 1066 Cocceium,
1234 1018 1365 1065 velim,

246 1069 442 1119 appelles:
463 1068 578 1119 *quod
607 1066 709 1106 enim
735 1069 901 1115 dixerat,
930 1083 1008 1108 non
1041 1071 1157 1110 facit:
1188 1085 1258 1122 ego
1296 1085 1366 1109 au-

248 1130 326 1160 tem
347 1122 431 1159 volo
451 1122 606 1174 aliquod
626 1135 750 1162 emere
767 1124 976 1175 lffifibfflm
1002 1133 1039 1164 et
1056 1125 1278 1177 perfugium
1296 1125 1365 1163 do-

248 1176 340 1214 loris
357 1176 448 1214 mei.

474 1341 589 1387 (14.)
619 1339 831 1381 CICERO
859 1340 1080 1382 ATTICO
1108 1344 1148 1382 S.

304 1450 366 1488 De
397 1462 460 1487 me
483 1449 699 1487 excusando
721 1450 825 1501 apud
851 1450 1082 1501 Apuleium,
1109 1450 1287 1489 dederam
1317 1450 1368 1490 ad

248 1512 286 1543 te
305 1504 426 1555 pridie
444 1504 583 1541 literas.
617 1504 729 1541 Nihil
749 1517 826 1542 esse
852 1505 993 1555 negotii
1017 1505 1201 1543 arbitror:
1233 1518 1368 1556 quem-

249 1571 415 1609 cumque
445 1557 662 1608 appellaris,
693 1570 806 1595 nemo
835 1559 1001 1609 negabit.
1031 1559 1107 1598 Sed
1136 1559 1368 1610 Septimium

248 1612 349 1659 vide,
377 1620 413 1649 et
444 1611 657 1657 Laenatem,
683 1620 720 1649 et
744 1612 966 1650 Statilium:
998 1613 1119 1651 tribus
1143 1613 1247 1651 enim
1270 1626 1368 1665 opus

249 1674 329 1704 est:
361 1665 426 1703 sed
444 1665 542 1702 mihi
562 1665 700 1703 Laenas
718 1673 844 1704 totum
863 1674 1062 1717 receperat.

304 1718 423 1766 Quod
460 1719 589 1756 scribis
625 1733 648 1757 a
684 1719 714 1757 J
717 1719 807 1757 unio
844 1727 882 1758 te
913 1721 1182 1771 appellatum:
1212 1721 1370 1760 omnino

250 1772 478 1812 Cornificius
513 1773 682 1823 locuples
719 1781 801 1811 est:
843 1773 908 1811 sed
943 1784 1071 1812 tamen
1109 1776 1201 1814 scire
1237 1776 1369 1823 velim,

248 1826 404 1879 quando
423 1826 526 1863 dicar
557 1827 832 1877 spopondisse3
865 1836 903 1866 et
929 1841 998 1879 pro
1023 1837 1145 1880 patre,
1177 1842 1277 1867 anne
1299 1843 1370 1880 pro

246 1882 351 1919 filio:
382 1892 508 1930 neque
537 1893 580 1917 eo
599 1881 743 1926 minus,
763 1889 808 1919 ut
827 1882 971 1930 scribis,
991 1890 1252 1933 procuratores
1273 1882 1370 1922 Cor-

247 1935 379 1979 nificii,
401 1942 438 1971 et
457 1933 673 1984 Apuleium
692 1935 970 1985 praediatorem‚
991 1937 1148 1975 videbis.

304 1987 423 2035 Quod
454 1999 518 2025 me
550 1989 598 2025 ab
627 1987 699 2026 hoc
727 2001 886 2028 moerore
907 1991 1066 2029 recreari
1095 1991 1164 2039 vis,
1191 1990 1297 2040 facis,
1324 1999 1369 2031 ut

248 2042 406 2080 omnia:
437 2039 516 2088 sed,
549 2053 612 2079 me
644 2042 741 2080 mihi
773 2055 851 2081 non
886 2043 1063 2091 defuisse,
1101 2052 1144 2082 tu
1177 2046 1283 2083 testis
1312 2060 1366 2084 es.

249 2096 362 2135 Nihil
381 2095 498 2141 enim,
518 2095 566 2132 de
583 2108 742 2134 moerore
760 2098 983 2143 minuendo,
1016 2099 1200 2150 scriptum
1221 2101 1269 2138 ab
1289 2100 1371 2138 ullo

249 2159 318 2193 est,
353 2149 456 2200 quod
485 2162 556 2199 ego
583 2162 659 2188 non
685 2151 790 2188 domi
816 2159 891 2190 tuae
913 2153 1084 2204 legerim.
1115 2153 1191 2191 Sed
1212 2158 1367 2192 omnem

248 2203 541 2244 consolationem
570 2203 687 2242 vincit
715 2204 835 2244 dolor.
865 2206 975 2254 Quin
1007 2206 1122 2246 etiam
1147 2207 1234 2256 feci,
1264 2207 1370 2260 quod
