1467 2401
336 93 421 133 AD
449 90 743 132 ATTICUM.
774 91 876 131 Lus.
894 91 972 130 XI.
1005 94 1044 138 7.
1210 96 1263 140 77

121 197 263 251 serant,
285 203 456 241 hostium
476 213 639 240 numero
654 198 906 241 habebantur.
940 201 1016 241 Sed
1038 202 1152 241 velim
1179 203 1261 243 haec

122 257 334 309 aliquando
354 257 536 296 solutiore
550 256 694 300 animo.

177 312 377 360 Quintum
401 311 560 349 fratrem
589 310 706 348 audio
732 309 946 361 profectum
973 311 1014 348 in
1033 311 1188 357 Asiam,
1216 321 1259 351 ut

123 365 402 418 deprecaretur.
443 366 507 404 De
530 365 611 403 filio
644 364 743 402 nihil
773 364 926 403 audivi:
958 365 1023 403 sed
1049 380 1179 417 quaere
1210 377 1257 406 ex

125 420 332 469 Diochare,
361 420 524 460 Caesaris
551 419 702 467 liberto,
729 432 847 470 quem
876 432 946 470 ego
971 432 1048 457 non
1069 421 1161 468 vidi,
1191 422 1259 473 qui

124 475 216 513 istas
237 475 523 514 Alexandrinas
548 474 676 512 literas
699 473 840 511 attulit.
874 473 914 511 Is
946 474 1086 513 dicitur
1105 475 1257 522 vidisse,

123 536 297 576 euntem,
327 543 376 568 an
403 531 487 580 jam
510 528 551 566 in
575 528 856 566 Α8139Ίι138
883 529 1026 575 literas,
1056 538 1171 580 prout
1200 544 1259 568 res

124 584 308 635 postulat,
329 592 530 636 exspecto:
562 596 658 634 quas
684 582 802 620 velim
831 596 940 621 cures
963 585 1257 637 quamprimum

122 638 175 677 ad
193 651 256 677 me
273 638 532 691 perferendas-
562 636 627 676 IV
646 637 731 676 Cal
755 637 943 676 Decemb.

354 802 443 854 (7.)
475 800 695 842 cler-:Ro
725 801 950 841 ATTICO
979 803 1020 842 8.

180 912 313 951 Gratae
331 920 409 951 tuae
426 911 526 949 mihi
551 911 672 949 literae
691 918 795 957 sunt,
815 911 957 962 quibus
976 919 1150 951 accurate
1170 927 1256 964 per—

123 967 307 1018 scripsisti
333 967 465 1005 omnia
491 979 579 1017 quae
598 964 648 1003 ad
675 978 739 1003 me
767 966 956 1016 pertinere
975 967 1181 1006 arbitratus
1201 981 1254 1006 es.

127 1021 291 1060 Factum
319 1021 453 1073 igitur,
474 1028 519 1058 ut
546 1019 692 1067 scribis,
720 1019 802 1058 istis
825 1020 989 1071 placere,
1014 1021 1152 1059 iisdem
1175 1022 1257 1061 istis

123 1075 320 1114 lictoribus
351 1089 414 1114 me
443 1076 530 1120 1111;
561 1074 666 1126 quod
692 1087 911 1113 concessum
931 1076 1064 1114 Sextio
1089 1076 1163 1121 811;
1194 1076 1258 1115 8111

124 1141 201 1167 11011
220 1138 316 1182 puto
335 1143 423 1169 suos
442 1143 520 1168 esse
538 1142 744 1175 concessos,
760 1129 824 1167 sed
844 1129 922 1166 ab
911 1143 995 1181 1ps0
1014 1129 1135 1168 datos
1166 1131 1257 1169 Au-

118 1183 184 1222 dio
203 1185 321 1233 enim,
352 1198 444 1223 eum
470 1198 514 1223 ea
539 1192 646 1222 senat
652 1187 709 1222 ί-ι8
712 1184 886 1221 consulta
907 1184 1140 1236 improbare,
1167 1199 1257 1237 quae

123 1246 211 1291 post
230 1239 438 1277 discessum
458 1239 702 1277 tribunorum
727 1238 828 1276 facta
854 1246 955 1276 sunt.
987 1238 1121 1286 Quare
1148 1248 1255 1291 pote-

122 1293 186 1341 rit,
207 1293 240 1332 si
258 1293 361 1332 volet
380 1293 453 1332 sibi
465 1301 650 1340 constare,
664 1301 811 1331 nostros
829 1292 978 1331 lictores
993 1295 1254 1345 comprobare.

120 1347 378 1399 Quamquam
398 1347 494 1399 quid
513 1361 583 1399 ego
603 1347 650 1385 de
669 1347 881 1395 lictoribus,
898 1347 967 1399 qui
980 1360 1090 1399 paene
1103 1362 1151 1387 ex
1174 1351 1254 1388 lta-

118 1402 171 1441 lia
189 1402 369 1441 decedere
381 1402 455 1440 sim
471 1404 603 1453 jussus
618 1404 635 1441 ἓ
667 1402 774 1440 Nam
794 1402 844 1440 ad
860 1415 924 1440 me
938 1403 1043 1440 misit
1055 1404 1255 1443 Antonius

121 1457 348 1508 exemplum
368 1456 531 1497 Caesaris
551 1457 601 1495 ad
626 1470 667 1495 se
689 1457 903 1505 literarum,
930 1457 971 1494 in
995 1457 1138 1509 quibus
1157 1467 1254 1505 erat,

120 1525 160 1551 se
177 1511 381 1560 audivisse,
396 1512 587 1551 Catonem
602 1519 639 1550 et
658 1511 708 1549 L.
725 1511 935 1549 Metellum
955 1511 996 1550 in
1017 1512 1175 1550 Italiam
1190 1526 1255 1551 ve-

120 1566 236 1614 nisse,
258 1567 400 1605 Romae
416 1573 462 1605 ut
483 1574 608 1605 essent
633 1566 788 1618 palam:
819 1566 860 1604 id
885 1566 957 1605 sibi
976 1579 1052 1604 non
1073 1567 1251 1618 placere·
1239 1597 1252 1614 ‚

120 1633 170 1660 ne
202 1621 271 1673 qui
302 1629 431 1660 motus
461 1634 509 1660 ex
539 1634 583 1660 eo
613 1620 776 1666 fierent;
817 1620 1088 1682 prohiberique
1120 1634 1255 1661 omnes

121 1674 250 1723 Italia,
271 1675 346 1713 nisi
364 1688 532 1728 quorum
556 1676 637 1727 ipse
656 1688 812 1714 causam
830 1676 1097 1727 cognovisset·
1128 1676 1255 1729 deque

119 1743 166 1771 eo
185 1730 450 1769 vehementius
468 1738 548 1769 erat
566 1730 765 1782 scriptum.

123 1802 127 1804 ·
176 1784 317 1836 Itaque
334 1785 530 1824 Antonius
548 1787 702 1837 petebat
727 1798 750 1823 a
767 1798 832 1823 me
857 1797 933 1847 pei·
951 1785 1095 1834 literas,
1117 1792 1162 1824 ut
1180 1785 1253 1825 sibi

121 1840 382 1892 ignoscerem:
398 1839 520 1879 facere
532 1853 571 1878 se
583 1852 659 1878 non
669 1853 792 1891 posse,
803 1839 897 1892 quin
909 1840 955 1878 118
963 1840 1082 1878 literis
1090 1848 1253 1892 pareret.

119 1895 230 1933 Tum
242 1894 292 1932 ad
310 1907 401 1932 eum
419 1894 508 1933 misi
527 1894 576 1932 L.
593 1894 790 1941 Lamiam,
808 1894 877 1946 qui
891 1894 1184 1939 demonstraret,
1206 1895 1254 1933 il-

117 1950 202 1989 lum
222 1949 437 1987 Dolabellae
455 1949 610 1997 dixisse,
626 1957 671 1987 ut
690 1949 740 1987 ad
757 1962 821 1987 me
840 1948 1030 1996 scriberet,
1051 1957 1096 1987 ut
1114 1949 1155 1986 in
1172 1950 1254 1987 Ita·

117 2004 213 2043 liam
231 2003 524 2056 quamprimum
544 2003 739 2043 venirem:
770 2004 854 2052 ejus
871 2016 936 2041 me
953 1978 1072 2041 litei-is
1091 2003 1250 2042 venisse.

119 2058 230 2097 Tum
248 2058 315 2097 ille
333 2057 454 2097 edixit
471 2059 539 2107 ita,
559 2066 605 2096 ut
622 2071 687 2096 me
715 2058 919 2109 exciperet,
941 2065 978 2096 et
998 2057 1168 2096 Laelium
1183 2071 1254 2095 no-

121 2112 301 2152 minatim
319 2127 331 2151 :
365 2112 471 2164 quod
500 2125 591 2151 sane
626 2113 772 2151 nollem
787 2126 800 2159 ς
839 2119 991 2165 poterat
1022 2112 1141 2161 enim,
1171 2112 1253 2150 sine

120 2180 293 2215 nomme,
312 2180 354 2206 re
371 2167 457 2219 ipsa
476 2167 612 2219 excipi.

170 2221 214 2262 Ο
228 2222 374 2262 multas
400 2229 438 2262 et
456 2235 590 2275 graves
607 2221 859 2262 offensiones!
889 2235 987 2273 quas
1012 2221 1186 2274 quidem,
1208 2228 1251 2260 tu

903 2287 936 2315 H
957 2276 982 2313 3
