1513 2370
358 74 443 113 AD
469 72 761 113 ATTICUM.
792 73 888 112 Lm.
909 73 1014 112 XII.
1045 75 1110 113 29.
1228 72 1297 109 121

178 190 223 223 tu
241 194 329 223 vero
345 182 458 231 nihil,
477 183 552 221 nisi
566 192 611 221 ut
628 182 686 221 illi
705 183 846 221 volent.
884 187 993 221 Amo
1019 182 1135 221 illum
1152 187 1301 219 mortu-

179 250 273 276 um:
303 244 406 276 tutor
424 249 511 276 sum
524 237 677 276 liberis:
708 244 829 276 totam
849 236 1010 275 domum
1030 236 1160 287 diligo.

229 291 294 330 De
326 291 559 330 Castriciano
582 292 750 343 negotiO,
778 292 809 330 si
840 290 1047 330 Castricius
1065 303 1134 343 pro
1153 290 1300 328 manci-

172 346 246 398 piis
270 346 474 398 pecuniam
498 346 666 398 accipere
681 346 794 394 volet,
823 358 986 397 eamque
1014 343 1108 397 [ita]
1131 344 1226 383 solvi
1255 352 1301 382 ut

172 412 276 439 nunc
291 400 464 449 solvitur,
487 408 587 439 certe
605 400 702 438 nihil
718 408 774 438 est
795 399 1046 438 commodius.
1077 399 1146 438 Sin
1168 407 1300 437 autem

169 455 226 493 ita
239 461 369 493 actum
384 461 453 502 est,
472 462 516 492 ut
534 455 618 507 ipsa
635 455 829 507 mancipia
856 454 1074 501 abduceret,
1094 466 1172 491 non
1201 452 1300 490 mihi

172 508 324 548 videtur
349 522 428 548 esse
446 522 616 561 aequum.
658 510 791 561 Rogas
817 509 921 547 enim
938 521 1016 557 me,
1039 515 1083 546 ut
1110 507 1181 546 tibi
1210 507 1300 545 scri-

171 564 277 611 bam,
299 563 394 615 quid
412 563 510 601 mihi
529 564 714 602 videatur.
745 564 851 602 Nolo
877 563 980 602 enim
1005 562 1149 613 negotii
1169 561 1299 609 Quin-

173 626 260 657 tum
277 618 435 656 fratrem
463 617 679 670 quidquam
707 618 875 662 habere3
908 616 1022 669 quod,
1054 616 1184 655 videor
1202 615 1300 654 1111111

171 671 416 720 intellexisse,
432 672 503 710 tibi
521 672 625 711 idem
642 672 773 711 videri.
804 672 1012 719 Publilius,
1030 670 1061 710 si
1077 669 1300 732 aequinocti-

173 739 244 765 um
264 734 456 778 exspectat
477 728 540 779 (ut
558 727 689 765 scribis
709 727 900 765 Atedium
919 724 1078 775 dicere),
1098 725 1301 775 navigatu-

172 793 238 819 rus
275 780 425 820 videtur
441 796 451 820 :
493 781 593 819 1111111
629 789 760 820 autem
798 781 961 826 dixerat,
1001 794 1070 832 per
1115 779 1298 818 8101113111.

170 835 331 883 Utrum,
352 842 389 874 et
407 835 576 887 quando,
593 836 709 874 velim
729 836 834 875 scire.
864 836 919 874 Et
937 835 1054 874 velim
1073 833 1296 885 aliquando,

171 902 262 928 cum
282 890 352 928 erit
383 898 498 929 tuum
526 890 790 938 commodum,
812 890 1028 928 Lentulum
1054 900 1220 941 puerum
1240 887 1300 925 vi-

172 956 246 991 sas,
267 944 378 997 eique
389 944 437 983 de
451 944 666 996 mancipiis,
681 958 770 997 quae
789 945 861 983 tibi
875 943 1081 992 videbitur,
1098 942 1298 982 attribuas,

174 997 300 1048 Piliae,
321 999 477 1051 Atticae,
496 999 672 1039 salutem.

391 1158 507 1212 (29.)
538 1157 756 1199 CICERO
785 1156 1012 1197 ATTICO
1041 1158 1081 1197 s.

228 1268 359 1317 Silius,
379 1275 424 1306 ut
441 1268 588 1317 scribis,
621 1268 746 1307 hodie.
789 1268 885 1308 Cras
914 1267 1047 1318 igitur,
1078 1266 1138 1305 vel
1170 1265 1300 1318 potius

173 1337 263 1364 cum
286 1323 440 1376 poteris,
465 1323 618 1372 scribes,
639 1323 671 1361 si
689 1323 785 1374 quid
800 1323 884 1370 erit,
911 1334 1001 1360 cum
1030 1320 1179 1359 videris.
1214 1321 1300 1359 Nec

173 1391 244 1431 ego
262 1379 433 1417 Brutum
451 1378 544 1425 vito,
560 1390 630 1417 nec
649 1386 777 1416 tamen
799 1379 848 1416 ab
864 1389 907 1415 eo
926 1376 1155 1415 levationem
1175 1375 1298 1412 ullam

173 1440 373 1486 exspecto.
404 1432 469 1471 sed
484 1440 592 1471 erant
610 1445 747 1481 causae,
768 1445 836 1471 cur
855 1431 927 1470 hoc
941 1438 1113 1491 tempore
1127 1429 1211 1468 istic
1223 1442 1301 1468 esse

172 1488 346 1526 nollem·
376 1500 464 1539 quae
481 1487 513 1526 si
537 1489 766 1535 manebunt,
787 1485 993 1538 quaerenda
1013 1484 1082 1524 erit
1107 1483 1300 1523 excusatio

173 1541 432 1588 adBrutum3
463 1549 514 1590 et,
530 1549 575 1580 ut
594 1555 697 1580 nunc
712 1549 782 1590 est,
802 1553 995 1579 mansurae
1013 1538 1204 1577 videntur.

227 1596 292 1636 De
309 1596 444 1646 hortis,
473 1609 617 1658 quaeso,
645 1596 807 1648 explica.
838 1595 969 1647 Caput
987 1593 1086 1632 illud
1105 1600 1174 1641 est,
1197 1592 1302 1654 qu-od

175 1651 257 1691 scis.
288 1651 482 1703 Sequitur,
498 1658 543 1689 ut
562 1651 679 1690 etiam
697 1650 824 1689 mihi
814 1650 887 1702 1psi
907 1649 1093 1702 quiddam
1108 1661 1206 1700 opus
1225 1647 1298 1685 sit:

174 1718 246 1745 nec
264 1705 367 1744 enim
386 1718 465 1744 esse
481 1706 521 1743 in
545 1706 660 1744 turba
688 1717 862 1766 possum,
891 1717 961 1743 nec
980 1717 1003 1742 a
1024 1702 1132 1742 vobis
1159 1704 1301 1741 abesse.

176 1760 286 1800 Huic
302 1772 389 1799 meo
408 1760 563 1799 consilio
584 1759 683 1798 nihil
709 1760 855 1821 reperio
874 1759 946 1797 isto
964 1759 1046 1797 loco
1065 1757 1217 1809 aptius·
1250 1764 1300 1805 et,

175 1814 225 1854 de
241 1815 314 1854 hac
331 1827 372 1853 re
390 1814 485 1866 quid
496 1815 554 1853 tui
572 1814 719 1853 consilii
738 1815 801 1861 sit,
821 1813 919 1852 mihi
933 1825 1158 1865 persuasum
1174 1818 1242 1859 est,
1265 1818 1302 1849 et

175 1882 221 1909 eo
233 1869 372 1921 magis,
388 1869 493 1921 quod
506 1869 609 1907 idem
623 1869 796 1908 intellexi
814 1869 885 1908 tibi
904 1868 1037 1930 videri,
1058 1880 1122 1905 me
1146 1867 1194 1904 ab
1215 1865 1301 1917 Op-

175 1923 241 1977 pio
270 1931 309 1962 et
339 1923 466 1962 Balbo
494 1923 606 1962 valde
635 1923 756 1976 diligi.
807 1923 913 1962 Cum
941 1923 988 1961 115
1025 1920 1298 1967 communices,

176 1984 323 2031 quanto
341 1990 454 2030 opere
467 1985 506 2016 et
523 1992 641 2030 quare
659 1979 776 2017 velim
794 1978 945 2024 hortos;
966 1977 1032 2016 sed
1049 1976 1090 2014 id
1104 1975 1158 2014 ita
1175 1987 1300 2028 posse,

180 2033 214 2072 si
238 2031 464 2085 expediatur
482 2032 582 2071 illud
599 2033 874 2072 Faberianum.
911 2032 1048 2072 Sintne
1065 2030 1185 2082 igitur
1213 2041 1304 2067 auc-

178 2093 279 2126 tores
297 2086 434 2135 futuri,
454 2086 488 2125 si
512 2100 591 2139 qua
614 2087 731 2127 etiam
757 2088 909 2138 jactura
926 2085 1100 2126 facienda
1118 2084 1167 2122 sit
1185 2083 1225 2121 111
1244 2095 1303 2121 10-

176 2141 456 2193 praesentando,
471 2141 599 2194 quoad
616 2149 778 2194 possunt
795 2141 958 2181 adduci.
988 2147 1115 2179 totum
1134 2138 1236 2177 enim
1255 2136 1302 2175 il-

176 2195 248 2234 lud
260 2195 516 2247 desperatum.
544 2195 727 2249 Denique
744 2196 947 2248 intelliges,
968 2193 1105 2246 ecquid
1119 2192 1302 2231 inclinent

235 2251 404 2302 (Epist.)
425 2261 530 2289 voc.
553 2262 628 2288 111.
985 2260 1019 2286 u
