1498 2401
232 121 312 162 394
498 121 576 160 DE
605 120 796 161 PETIT.
826 121 986 162 CONS.
1018 122 1070 161 10

229 228 498 292 suffragatores
523 229 702 269 evadunt.
741 229 838 269 Jam
858 229 958 268 illud
985 236 1112 269 teneto
1131 227 1350 280 diligenter,

229 283 262 321 si
280 296 384 330 eum,
405 284 473 335 qui
492 284 562 323 tibi
580 284 810 346 promiserit,
830 284 965 323 fucum
983 289 1045 328 (ut
1055 282 1213 333 dicitur)
1228 283 1353 321 facere

228 336 394 375 audieris
413 346 479 376 aut
498 338 668 386 senseris,
689 346 734 376 ut
752 346 790 376 te
807 339 848 376 id
866 339 1018 377 audisse
1035 345 1103 376 aut
1128 337 1195 376 sci
1201 350 1223 375 e
1240 336 1351 375 dissi-

226 391 362 430 mules.
393 391 435 430 Si
453 393 539 443 quis
550 392 620 430 tibi
640 406 678 431 se
696 406 861 444 purgare
878 393 993 439 volet,
1006 391 1112 444 quod
1130 398 1351 442 suspectum

228 458 268 484 se
282 457 360 483 esse
379 446 596 495 arbitretur,
617 447 781 485 affirmes
794 454 832 485 te
856 446 904 485 de
917 447 1022 485 1111115
1040 446 1237 484 voluntate
1248 456 1351 483 nun-

229 512 349 551 quam
367 499 572 548 dubitasse,
593 514 662 540 nec
676 501 813 539 debere
827 500 1012 540 dubitare.
1042 501 1082 538 Is
1095 499 1213 547 enim,
1228 498 1297 550 qui
1310 511 1353 537 se

227 565 307 591 non
325 561 437 605 putat
451 554 678 603 satisfacere,
699 555 844 594 amicus
863 568 943 593 (550
961 554 1069 592 nullo
1087 553 1203 592 modo
1213 558 1350 605 potest.

227 607 332 647 Scire
354 616 484 646 autem
513 616 673 660 oportet,
697 622 774 661 quo
804 608 967 670 quisque
992 608 1122 647 animo
1147 607 1210 654 sit,
1230 614 1276 645 ut
1294 613 1348 655 et,

226 669 418 712 quantum
449 663 588 714 cuique
616 663 797 710 confidas,
821 663 1048 701 constituere
1078 661 1209 712 possis.
1254 660 1283 699 J
1285 672 1352 698 am

225 715 483 755 deductorum
500 717 684 778 officium,
705 729 783 768 quo
799 717 928 766 majus
954 724 1011 755 est
1028 729 1148 767 quam
1167 714 1353 753 salutato-

222 781 327 818 rum,
346 770 419 809 hoc
437 771 582 833 gratius
597 771 668 809 tibi
687 784 765 809 esse
782 770 992 821 significato
1011 777 1127 821 atque
1144 768 1350 816 ostendito,

224 830 264 861 et
281 826 325 876 (q
325 825 427 863 110311
446 827 528 875 01115
545 825 627 864 fieri
646 825 800 876 poterit)
819 825 929 864 certis
947 823 1182 875 temporibus
1195 822 1351 861 deenen-

225 837 325 916 ditoq
365 878 557 930 Magnam
583 879 692 917 affert
717 879 951 931 opinionem,
974 890 1158 929 magnam
1184 876 1351 928 dignita-

225 938 319 981 tem,
336 933 586 984 quotidiana
575 946 617 971 m
635 933 856 972 deducendo
882 931 1109 984 frequentia.
1138 930 1273 970 Tertia
1291 939 1350 969 est

226 998 276 1024 ex
309 986 382 1025 hoc
409 999 546 1038 genere
573 987 725 1026 assidua
757 994 1027 1026 assectatorum
1059 985 1179 1038 copia.
1220 985 1272 1023 In
1303 984 1351 1023 ea

225 1052 323 1092 (11105
342 1041 575 1081 voluntarios
592 1042 765 1090 habebis,
794 1055 885 1080 cura
905 1048 950 1079 ut
971 1040 1203 1091 intelligant,
1223 1045 1261 1078 te
1278 1037 1352 1077 sibi

225 1094 267 1132 in
286 1103 516 1147 perpetuum
536 1109 688 1134 summo
706 1095 889 1134 beneficio
907 1094 1080 1146 obligari.
1117 1093 1201 1142 Qui
1218 1100 1351 1132 autem

226 1147 299 1186 tibi
316 1149 469 1199 debent,
490 1150 567 1188 ab
556 1150 603 1189 115
630 1151 745 1202 plane
765 1151 838 1189 hoc
865 1162 1009 1188 munus
1028 1148 1166 1199 exige,
1195 1147 1264 1200 qui
1281 1159 1351 1199 per

225 1209 378 1241 aetatem
396 1217 440 1242 30
465 1204 663 1256 negotium
688 1212 883 1256 poterunt,
903 1203 977 1255 ipsi
999 1210 1128 1242 tecum
1146 1209 1192 1240 ut
1209 1200 1354 1240 assidui

226 1256 331 1304 sint;
361 1258 430 1309 qui
446 1258 521 1310 ipsi
538 1258 671 1298 sectari
689 1271 768 1297 non
785 1265 980 1311 poterunt,
1008 1256 1236 1296 necessarios
1261 1267 1352 1294 suos

222 1309 265 1348 111
282 1311 355 1350 hoc
373 1324 532 1352 munere
549 1313 792 1352 constituant.
822 1312 950 1351 Valde
971 1323 1042 1363 ego
1066 1320 1104 1349 te
1122 1310 1224 1358 volo,
1244 1317 1282 1349 et
1299 1308 1352 1347 ad

225 1378 308 1403 rem
326 1366 514 1417 pertinere
531 1367 706 1413 arbitror,
727 1380 877 1418 semper
888 1379 978 1405 cum
990 1363 1240 1404 multitudine
1253 1375 1344 1402 aese·

227 1419 420 1459 Praeterea
431 1434 627 1482 magnam
645 1421 754 1460 affert
777 1421 933 1459 laudem
952 1428 990 1458 et
1007 1431 1202 1458 summam
1220 1416 1348 1478 digni-

224 1480 359 1522 tatem,
380 1474 412 1513 si
429 1475 457 1513 11
471 1484 599 1514 tecum
614 1485 739 1521 erunt,
767 1475 835 1526 qui
862 1488 885 1512 a
904 1482 942 1512 te
959 1472 1118 1520 defensi,
1139 1479 1177 1510 et
1195 1471 1263 1524 qui
1282 1483 1352 1522 per

225 1534 264 1566 te
283 1528 418 1567 servati
437 1542 480 1568 30
495 1529 649 1579 judiciis
668 1529 818 1567 liberati
846 1535 947 1567 sunt.
977 1528 1076 1566 Haec
1102 1534 1146 1564 tu
1165 1526 1280 1578 plane
1298 1526 1348 1563 ab

223 1582 271 1620 115
288 1583 495 1633 postulato,
511 1591 569 1631 ut,
591 1583 789 1635 quoniam,
810 1582 943 1621 1111113
933 1593 1120 1633 impensa,
1140 1594 1209 1632 per
1227 1587 1265 1618 te
1283 1579 1351 1618 3111

223 1649 322 1685 rem,
356 1637 422 1675 alii
449 1637 699 1685 honestatem,
729 1637 793 1674 alii
819 1637 982 1674 salutem
1007 1648 1052 1674 30
1075 1635 1248 1673 fortunas
1265 1646 1351 1672 om-

223 1703 305 1735 nes,
326 1691 587 1739 obtinuerunt,
618 1704 686 1730 1100
711 1691 818 1729 aliud
842 1691 969 1728 ullum
992 1697 1146 1741 tempus
1169 1688 1349 1727 futurum

224 1745 289 1795 sit,
310 1745 378 1784 ubi
391 1745 463 1783 tibi
480 1746 617 1785 referre
635 1745 797 1797 gratiam
822 1744 983 1797 possint,
1003 1743 1076 1782 hoc
1094 1751 1132 1782 te
1148 1743 1272 1782 officio
1289 1754 1350 1780 re-

223 1807 440 1838 munerent.

279 1854 336 1893 X.
366 1854 436 1900 Et,
456 1854 640 1915 quoniam
658 1854 698 1891 in
718 1853 928 1892 amicorum
952 1851 1088 1891 studiis
1115 1851 1198 1890 haec
1221 1851 1348 1891 omnis

223 1908 320 1947 ratio
339 1915 523 1955 versatur,
545 1908 612 1960 qui
630 1909 736 1947 locus
762 1908 803 1945 in
828 1908 900 1946 hoc
918 1919 1054 1958 genere
1073 1905 1263 1944 cavendus
1281 1906 1344 1954 sit,

222 1962 591 2014 praetermittendum
612 1976 689 2001 non
708 1962 870 2000 videtur.
900 1960 1065 1998 Fraudis
1084 1968 1199 2012 atque
1213 1959 1347 1998 insidi-

221 2030 333 2057 arum
353 2024 391 2055 et
417 2017 586 2068 perfidiae
610 2017 723 2068 plena
751 2024 841 2054 sunt
865 2015 1006 2054 omnia.
1042 2015 1134 2052 Non
1154 2023 1210 2052 est
1227 2013 1347 2064 hujus

223 2071 406 2123 temporis
423 2078 608 2122 perpetua
624 2071 692 2109 illa
710 2071 757 2109 de
775 2070 847 2108 hoc
865 2081 1003 2121 genere
1021 2068 1241 2120 disputatio,
1257 2068 1346 2120 qui-

221 2126 296 2164 bus
312 2125 518 2164 benevolus
537 2133 575 2163 et
591 2125 790 2163 simulator
803 2123 1005 2175 dijudicari
1017 2122 1160 2174 possit.
1192 2129 1344 2160 tantum

222 2187 280 2219 ffit
295 2179 413 2229 hujus
428 2179 609 2231 temporis
627 2179 842 2217 admonere.
868 2179 1033 2217 Summa
1045 2184 1112 2214 tua
1125 2176 1245 2215 virtus
1263 2188 1346 2214 eos·

222 2234 311 2274 dem
328 2232 503 2274 homines
522 2241 559 2273 et
577 2233 759 2272 simulare
770 2232 841 2271 tibi
858 2245 898 2271 se
917 2244 996 2271 esse
1013 2230 1170 2280 31111005,
1192 2238 1231 2269 et
1247 2229 1347 2268 invi-
