1513 2370
233 93 309 130 110
420 87 498 126 AD
527 87 806 127 ATTICUM.
836 88 936 127 Lm.
957 87 1059 128 XII.
1093 89 1153 126 18.

452 195 567 248 (16.)
598 195 808 235 CICERO
837 196 1059 236 ATTICO
1085 197 1128 235 S.

288 305 363 353 Te,
382 304 458 343 tuis
476 304 635 355 negotiis
654 302 805 352 relictis,
831 304 921 342 nolo
945 304 993 342 ad
1010 317 1074 343 me
1091 303 1244 343 venire:
1273 310 1345 354 e'go

234 359 360 413 potius
389 358 578 404 accedam,
606 358 637 396 si
665 357 808 395 diutius
831 357 1050 409 impediere.
1083 357 1171 396 Etsi
1195 369 1244 395 ne
1269 356 1346 395 dis-

233 414 423 454 cessissem
453 412 608 463 quidem
642 424 662 449 e
694 419 894 463 conspectu
925 419 1006 460 tuo,
1038 412 1111 450 nisi
1139 425 1203 450 me
1230 411 1345 463 plane

232 468 330 506 nihil
348 467 428 504 ulla
447 479 504 504 res
523 466 730 515 adjuvaret.
758 465 874 513 Quod
901 466 932 503 si
957 473 1052 504 esset
1071 465 1226 517 aliquod
1242 465 1346 503 leva-

231 533 335 567 men,
355 520 395 557 id
414 527 508 558 esset
526 520 566 556 in
585 527 622 557 te
642 531 718 556 uno
735 534 744 556 :
777 527 826 566 et,
848 532 936 557 cum
956 519 1128 571 primum
1147 521 1195 558 ab
1215 519 1344 570 aliquo

228 575 366 628 poterit
385 586 477 621 esse,
501 587 524 611 a
547 582 583 611 te
607 573 688 611 erit.
719 573 837 611 Nunc
863 581 992 611 tamen
1018 573 1162 625 ipsum,
1191 573 1271 611 sine
1304 579 1342 610 te

232 642 309 668 asse
338 640 414 666 non
437 639 606 679 possum.
647 626 722 665 Sed
751 639 820 664 nec
855 633 933 664 tuae
961 627 1066 665 domi
1097 628 1345 679 probabatur,

231 696 301 722 nec
332 695 427 720 meae
457 688 653 732 poteram;
684 693 767 727 nec,
796 680 826 718 si
850 680 1006 732 propius
1034 694 1152 719 essem
1177 680 1345 732 uspiam,

231 745 359 776 tecum
377 743 507 773 tamen
532 747 662 773 essem.
692 734 803 771 Idem
824 734 927 772 enirn
951 742 988 772 te
1015 735 1229 786 impediret,
1250 747 1346 786 quo-

231 791 360 829 minus
375 801 530 828 ⁴mecum
550 801 659 835 esses,
673 787 777 839 quod
791 800 894 825 nunc
911 788 1026 826 etiam
1038 788 1212 840 impedit.
1241 786 1347 826 Mihi

232 844 357 883 adhuc
375 843 472 880 nihil
490 842 595 893 prius
619 841 694 879 fuit
719 841 791 878 hac
817 841 1049 888 solitudine;
1079 855 1199 894 quam
1217 854 1346 881 vereor

231 911 280 937 ne
299 897 504 948 Philippus
525 896 658 933 tollat:
688 894 771 932 heri
798 895 901 932 enim
915 896 1063 947 vesperi
1080 904 1244 935 venerat.
1275 895 1348 935 Me

233 951 384 1002 scriptio
403 958 440 988 et
455 950 575 988 literae
593 960 670 987 non
687 948 851 996 leniunt,
873 948 938 987 sed
956 951 1174 988 obturbant-

448 1109 567 1164 (17.)
597 1109 809 1150 CICERO
838 1110 1056 1151 ATTICO
1084 1111 1124 1151 S.

288 1218 512 1259 Marcianus
544 1218 593 1256 ad
620 1231 685 1257 me
716 1218 878 1271 scripsit,
916 1231 980 1257 me
1014 1225 1238 1258 excusatum
1268 1232 1348 1259 esse

236 1275 339 1327 apud
357 1273 573 1325 Apuleium
592 1286 616 1310 a
634 1272 846 1321 Laterensi,
868 1273 1037 1320 Nasone,
1059 1272 1230 1320 Laenate,
1247 1273 1348 1311 Tor-

235 1336 366 1380 quato,
387 1328 583 1366 Strabone.
613 1324 680 1373 Iis,
703 1327 834 1374 velim,
853 1339 939 1365 meo
965 1326 1119 1364 nomine
1137 1326 1348 1366 reddendas

235 1383 362 1420 literas
398 1393 518 1427 cures,
555 1387 709 1431 gratum
741 1380 838 1418 mihi
870 1393 931 1418 eos
962 1379 1101 1418 fecisse.
1132 1380 1249 1428 Quod
1277 1394 1347 1433 pro

237 1434 440 1475 Cornificio
458 1446 535 1480 me,
560 1434 698 1471 abhinc
722 1434 888 1485 amplius
906 1433 1014 1472 annis
1029 1434 1168 1482 XXV,
1185 1447 1348 1486 spopon-

232 1490 329 1528 disse
347 1488 437 1526 dicit
464 1487 645 1533 Flavius,
676 1488 745 1525 etsi
771 1501 858 1526 reus
881 1487 1049 1539 locuples
1076 1495 1150 1534 est,
1163 1496 1210 1526 ret
1233 1489 1350 1540 Apu-

231 1544 328 1582 leius
346 1540 547 1593 praediator
575 1541 768 1587 liberalis3
798 1549 927 1580 tamen
952 1541 1067 1580 velim
1086 1541 1151 1580 des
1175 1555 1346 1593 operam,

233 1604 279 1635 ut
305 1595 506 1646 investiges
542 1608 588 1633 ex
627 1607 925 1647 consponsorum
961 1595 1116 1642 tabulis,
1150 1595 1246 1634 sitne
1278 1596 1345 1634 ita.

233 1650 340 1689 Mihi
360 1649 476 1696 enim,
506 1656 594 1686 ante
624 1649 844 1688 aedilitatem
866 1658 1009 1697 meam,
1035 1649 1129 1687 nihil
1160 1657 1239 1688 erat
1256 1662 1346 1688 cum

234 1703 450 1744 Cornificio.
477 1702 608 1740 Potest
637 1709 764 1741 tamen
790 1703 897 1742 fieri:
927 1703 992 1741 sed
1011 1703 1103 1742 scire
1120 1710 1267 1742 certum
1285 1716 1350 1742 ve-

231 1758 302 1796 lim
319 1771 331 1803 3
361 1764 398 1795 et
411 1756 578 1807 appelles
592 1764 864 1807 procuratores,
878 1757 909 1796 si
923 1756 993 1795 tibi
1010 1757 1168 1795 videtur.
1195 1757 1346 1805 Quam-

233 1824 352 1863 quam
382 1810 476 1862 quid
502 1809 551 1846 ad
582 1813 678 1849 me?
714 1818 989 1849 verumtamen.
1034 1812 1171 1849 Pansae
1200 1811 1346 1862 profec-

232 1866 375 1904 tionem
406 1864 557 1911 scribes,
580 1876 668 1901 cum
688 1864 791 1903 scies.
820 1865 991 1903 Atticam
1019 1865 1161 1903 salvere
1174 1865 1282 1915 jube,
1309 1872 1346 1903 et

232 1931 318 1958 eam
336 1931 441 1967 cura,
461 1918 627 1965 obsecr0,
648 1917 861 1969 diligenter.
889 1918 1000 1957 Piliae
1017 1919 1192 1957 salutem.

446 2023 561 2073 (18.)
593 2023 805 2064 CICERO
833 2025 1055 2066 ATTmo
1084 2026 1124 2066 s,

284 2134 394 2172 Dum
414 2132 688 2170 recordationes
717 2132 838 2184 fugio,
859 2147 946 2185 quae
964 2134 1075 2186 quasi
1100 2146 1230 2172 morsu
1249 2147 1345 2186 quo-

229 2188 320 2227 dam
353 2186 522 2225 dolorem
553 2185 735 2234 efficiunt,
774 2187 921 2239 refugio
957 2201 980 2226 a
1008 2195 1047 2226 te
1077 2187 1343 2233 admonend03
