1498 2401
165 90 246 130 306
338 87 423 128 AD
449 89 502 138 Q.
525 86 830 128 FRATREM.
859 86 962 126 11113.
982 87 1112 128 11.>6.

165 198 238 242 (sic
266 198 369 237 enim
402 198 645 250 placuerat);
674 204 714 237 et
736 195 911 236 tabulam
934 196 1171 250 proscripsit,
1192 198 1222 221 “
1240 197 1291 237 Se

165 252 356 291 familiam
385 252 641 292 Catonianam
668 251 958 291 venditurum.”
994 251 1045 290 In
1067 264 1152 290 aem
1178 253 1292 291 tabu-

165 307 246 345 lam
264 307 398 358 magni
415 307 513 346 risus
531 305 1021 358 consequebantur.ch
1038 305 1157 368 igitur
1175 305 1294 345 Cato-

167 374 259 400 nem
284 362 477 400 Lentulus
495 375 519 399 a
535 361 685 413 legibus
704 360 879 407 removit,
901 367 938 398 et
956 373 1032 408 eos,
1053 360 1123 412 qui
1141 359 1188 399 de
1207 360 1295 399 Cae-

168 429 251 454 sare
272 423 443 454 monstra
465 416 776 468 promulgarunt,
797 414 939 466 quibus
963 414 1210 453 intercederet
1226 427 1294 453 ne-

167 483 245 509 mo.
290 470 397 508 Nam
428 469 533 522 quod
564 469 612 508 de
646 469 832 531 Pompeio
868 467 1055 508 Caninius
1083 469 1176 520 agit,
1204 482 1295 507 sane

167 537 287 576 quam
302 525 461 563 refrixit.
483 525 622 576 Neque
637 524 741 563 enim
756 536 814 561 res
824 523 1296 576 probatu13etPompeius

168 586 297 618 noster
310 579 350 617 in
363 579 532 617 amicitia
540 579 587 616 P.
601 578 761 617 Lentuli
773 577 1030 629 vituperatur·
1019 607 1031 623 ,
1048 585 1084 615 et
1096 577 1294 626 (hercule)

169 645 248 671 non
267 640 323 672 est
340 633 468 672 idem:
498 645 591 671 nam
610 632 714 684 apud
732 632 841 670 illam
859 631 1155 683 perditissimam
1179 640 1297 685 atque

169 687 347 726 infimam
366 688 499 727 faecem
516 687 665 739 populi,
689 694 844 738 propter
866 685 1075 733 Milonem,
1101 687 1295 725 suboffen-

170 741 256 787 dit3
287 750 325 780 et
348 742 441 781 boni
463 743 588 780 multa
616 742 664 779 ab
693 754 737 779 eo
763 739 992 787 desiderant,
1018 740 1145 778 multa
1167 753 1296 793 repre-

170 796 357 835 hendunt.
399 796 652 834 Marcellinus
678 802 807 833 autem
834 793 907 833 hoc
925 806 1003 832 uno
1020 794 1119 833 mihi
1136 794 1295 847 quidem

171 863 250 889 non
269 850 463 899 satisfacit,
478 850 582 902 quod
602 862 691 889 eum
703 849 819 887 nimis
833 861 964 900 aspere
977 856 1135 887 tractat.
1157 862 1297 901 quam-

172 918 293 957 quam
321 904 361 942 id
393 913 529 943 senatu
558 917 636 944 non
659 904 780 942 invito
804 902 920 942 facit.
955 916 1033 956 quo
1058 916 1129 955 ego
1156 916 1221 943 me
1245 903 1295 942 li-

171 959 325 998 bentius
354 972 378 998 a
410 958 514 998 curia
545 967 581 997 et
599 961 648 998 ab
674 958 781 997 omni
810 965 919 1010 parte
943 957 999 998 rei
1018 957 1184 1010 publicae
1205 959 1298 998 sub-

173 1013 295 1052 traho.

229 1067 278 1106 In
293 1067 476 1118 judiciis
465 1068 494 1107 ιι
512 1081 660 1117 sumus,
681 1068 750 1121 qui
767 1067 926 1106 fuimus.
956 1065 1112 1107 Domus
1129 1067 1296 1107 celebra-

174 1129 238 1161 tur
255 1122 323 1171 ita,
344 1130 389 1161 ut
408 1136 497 1162 cum
516 1123 698 1161 maxime.
728 1122 866 1161 Unum
885 1120 1049 1161 accidit
1037 1121 1298 1174 imprudentia

175 1176 339 1216 Milonis
357 1177 613 1226 incommode,
634 1177 682 1216 de
701 1177 740 1216 S.
763 1175 914 1222 Coeli03
945 1189 1062 1228 quem
1081 1188 1207 1229 neque
1224 1176 1298 1216 hoc

174 1238 360 1283 tempore,
379 1244 505 1284 neque
516 1234 564 1271 ab
576 1231 778 1271 imbecillis
792 1230 1087 1279 accusatoribus,
1100 1231 1199 1269 mihi
1215 1231 1302 1283 pla-

174 1286 255 1326 cuit
271 1287 452 1325 accusari.
489 1286 541 1325 Ei
564 1294 638 1325 tres
658 1286 853 1325 sententiae
871 1285 1074 1324 teterrimae
1088 1285 1128 1324 in
1143 1285 1301 1325 oonsilio

173 1340 389 1380 defuerunt.
421 1339 559 1393 Itaque
571 1341 768 1380 hominem
789 1340 958 1392 populus
975 1347 1146 1386 revocem
1167 1348 1219 1388 et,
1239 1353 1299 1379 re-

173 1395 360 1443 trahatur,
381 1408 530 1434 necesse
548 1403 616 1434 est-
647 1395 739 1434 Non
759 1395 862 1434 enim
881 1395 1010 1432 ferunt
1019 1393 1195 1434 homines
1211 1409 1222 1433 ι
1245 1402 1297 1445 et,

172 1448 281 1501 quia,
309 1462 399 1488 cum
431 1449 536 1502 apud
566 1463 653 1488 suos
685 1449 839 1497 diceret,
863 1461 974 1500 paene
1000 1447 1207 1488 damnatus
1225 1456 1296 1499 eet,

173 1503 305 1542 vident
334 1503 574 1542 damnatum.
603 1504 666 1542 Ea
689 1503 776 1556 ipsa
799 1503 841 1541 in
863 1516 918 1550 re,
938 1502 1116 1555 Pompeii
1140 1503 1297 1544 offensio

172 1558 282 1596 nobis
301 1559 457 1597 obstitit.
487 1559 715 1598 Senatorum
735 1557 838 1596 enim
853 1569 951 1596 urna
962 1557 1111 1609 copiose
1120 1558 1299 1607 absolvit,

174 1612 351 1664 equitum
381 1613 612 1665 adaequavit,
651 1611 796 1651 tribuni
829 1611 952 1651 aerarii
981 1611 1302 1652 condemnarunt.

174 1666 251 1705 Sed
276 1666 347 1705 hoc
362 1666 651 1706 incommodum
671 1667 914 1706 consolantur
931 1666 1166 1718 quotidianae
1189 1666 1300 1706 dam-

172 1720 345 1759 nationes
362 1720 622 1771 inimicorum,
641 1721 682 1759 in
700 1721 859 1774 quibus,
874 1733 937 1759 me
954 1720 1192 1772 perlubente,
1213 1722 1301 1762 Ser-

173 1774 259 1814 vius
278 1775 410 1814 allisus
429 1785 497 1823 ost,
518 1776 643 1815 caeteri
659 1775 924 1815 conciduntur.

231 1828 279 1869 C.
300 1829 397 1869 Cato
421 1830 665 1869 concionatus
691 1837 760 1878 est,
788 1829 942 1870 comitia
959 1828 1091 1868 haberi
1108 1842 1186 1870 non
1204 1830 1300 1870 situ-

174 1897 277 1931 rum,
300 1884 332 1923 si
353 1884 426 1923 sibi
454 1897 544 1923 cum
568 1885 714 1937 populo
733 1884 813 1924 dies
838 1883 977 1936 agendi
1002 1891 1125 1923 essent
1142 1885 1298 1924 exemti.

173 1938 330 1991 Appius
355 1952 379 1977 a
408 1937 559 1979 Caesare
591 1939 765 1978 nondum
790 1939 964 1978 redierat.
1002 1937 1112 1977 Tuas
1139 1939 1300 1979 mirifice

173 1993 302 2031 literas
332 2001 535 2045 exspecto:
580 2002 696 2046 atque
724 1993 851 2032 adhuc
882 1993 1057 2032 clausum
1089 2005 1197 2033 mare
1223 1994 1304 2033 scio

174 2047 317 2086 fuisse·
348 2048 414 2086 sed
433 2047 621 2100 quosdam
641 2047 787 2087 venisse
814 2056 943 2087 tamen
963 2046 1084 2086 Olbia
1109 2047 1302 2096 dicebant,

175 2101 245 2153 qui
264 2110 301 2140 te
320 2102 431 2141 unice
449 2102 665 2150 laudarent,
685 2101 954 2155 plurimique
943 2114 984 2140 ιιι
1003 2101 1200 2167 provincia
1217 2102 1301 2142 fieri

177 2155 357 2195 dicerent.
390 2157 559 2196 Eosdem
578 2157 730 2196 aiebant
741 2156 932 2218 nuntiare,
949 2164 985 2195 te
1004 2156 1131 2207 prima
1148 2156 1306 2209 naviga-

181 2209 284 2251 tione
316 2211 647 2252 transmissurum.
686 2211 735 2252 Id
760 2211 901 2264 cupio:
932 2218 983 2261 et,
1003 2223 1243 2263 quamquam
1267 2219 1307 2250 te
