1513 2370
331 71 414 127 AD
442 72 729 113 ATTICUM.
759 72 860 112 LIB·
891 73 993 113 XII.
1014 74 1080 113 22.
1195 75 1274 115 115

154 181 283 220 videor
300 181 535 220 contendere.
564 181 731 220 Venales
749 189 848 221 certe
862 189 952 221 sunt
966 181 1101 232 Drusi,
1117 182 1277 223 fortasse

155 243 194 274 et
212 234 392 273 Lamiani
409 242 446 274 et
466 236 639 274 Cassiani
656 251 667 274 ε
698 236 763 274 sed
782 249 920 274 coram.

208 288 275 327 De
304 288 487 328 Terentia
522 302 597 327 non
628 302 786 341 possum
819 289 1057 329 commodius
1095 291 1274 339 scribere,

156 355 276 394 quam
294 348 337 380 tu
356 343 496 382 scribis.
527 343 711 382 Officium
739 343 787 382 sit
813 344 922 382 nobis
949 344 1276 395 antiquissimum.

158 396 201 434 Si
215 396 310 448 quid
326 408 395 436 nos
413 397 602 444 fefellerit,
621 397 726 436 imus
738 398 842 436 malo
859 410 937 446 me,
957 410 1076 449 quam
1090 398 1183 445 mei,
1198 412 1280 450 poe-

158 450 292 488 nitere.

213 503 325 543 Oviae
351 504 396 543 C.
414 504 517 543 Lolii
546 505 713 544 curanda
737 513 827 544 sunt
852 505 924 544 HS
945 504 990 543 C.
1020 505 1151 556 Negat
1174 505 1276 543 Eros

160 570 269 609 posse
286 558 366 596 sine
384 571 447 597 me
462 573 475 604 ;
505 559 629 606 credo,
661 560 765 611 quod
790 559 1008 610 accipienda
1026 559 1155 611 aliqua
1174 558 1224 597 sit
1242 566 1281 597 et

159 611 286 649 danda
304 612 515 651 aestimatio.
544 613 697 652 Vellem
721 613 792 652 tibi
822 613 988 651 dixisset.
1020 612 1062 651 Si
1087 612 1191 651 enim
1220 625 1280 651 res

157 672 213 703 est
233 668 293 709 (ut
310 666 408 704 mihi
426 667 571 714 scribit)
591 674 736 718 parata,
758 680 827 706 nec
853 667 894 704 in
914 679 957 705 eo
975 667 1058 718 ipso
1076 666 1278 714 mentitur,

156 732 225 770 per
243 726 280 758 te
308 720 441 759 confici
470 721 608 773 potuit.
639 720 688 759 Id
706 733 922 772 cognoscas,
943 727 980 759 et
1004 720 1193 769 conficias,
1214 733 1280 759 ve·

212 826 331 874 Quod
350 841 413 866 me
429 828 471 866 in
488 829 616 868 forum
636 842 774 875 vocas,
764 843 774 853 ·
806 843 849 868 eo
867 841 995 890 vocas3
1018 828 1136 875 unde,
1159 828 1275 867 etiam

158 881 268 919 bonis
295 882 391 920 meis
417 885 545 931 rebus,
565 883 773 934 fugiebam.
800 883 909 931 Quid
936 882 1039 920 enim
1062 882 1160 920 mihi
1188 894 1278 920 cum

158 934 255 983 foro,
276 934 356 973 ὼε
371 936 539 986 judiciis,
557 937 637 975 sine
656 937 773 985 curia„
793 937 835 974 in
853 937 981 974 oculos
999 936 1281 975 incurrentibus

160 988 221 1035 iis,
257 1002 353 1040 quos
385 1003 495 1042 aequo
527 991 656 1029 animo
682 990 809 1029 videre
834 1002 911 1028 non
939 992 1131 1041 possum?
1161 989 1280 1037 Quod

159 1049 290 1080 autem
307 1043 481 1082 homines
499 1058 522 1082 a
539 1057 602 1083 me
619 1045 812 1096 postulare
826 1044 969 1092 scribis,
982 1051 1026 1082 ut
1038 1044 1176 1082 Romae
1191 1043 1279 1093 sim,

158 1108 284 1147 neque
302 1097 477 1143 1111111,111
500 1099 637 1147 absim,
657 1098 871 1145 concedere,
901 1097 988 1147 [aut
1008 1098 1198 1149 quatenus
1217 1110 1281 1136 eos

159 1150 258 1188 mihi
276 1126 477 1190 concedere
493 1153 528 1203 ς]
555 1153 638 1202 jam
656 1152 805 1203 pridem
820 1152 913 1190 seito
933 1165 1024 1201 esse,
1045 1164 1135 1190 cum
1153 1164 1279 1189 unum

159 1211 197 1242 te
215 1203 351 1255 pluris,
373 1218 491 1256 quam
510 1218 643 1244 omnes
661 1206 761 1255 11103,
782 1212 941 1257 putem.
932 1219 941 1228 ·
972 1218 1021 1244 ne
1038 1218 1102 1243 me
1120 1205 1279 1257 quidem

158 1265 389 1296 contemno:
419 1271 583 1311 meoque
599 1259 744 1310 judicio
762 1259 886 1297 multo
905 1267 1002 1298 stare
1021 1259 1139 1306 malo,
1160 1272 1279 1311 quam

157 1311 334 1350 omnium
352 1312 602 1365 reliquorum.
632 1314 773 1365 Neque
795 1320 925 1351 tamen
949 1312 1170 1364 progredior
1194 1313 1281 1351 lon-

157 1365 257 1417 gius,
294 1379 410 1418 quam
448 1367 546 1405 mihi
582 1367 790 1406 doctissimi
811 1366 1001 1410 11011111133
1036 1366 1275 1405 concedunt:

160 1432 328 1481 quorum
360 1421 501 1473 scripta
530 1421 675 1467 omnia,
713 1433 967 1473 quaecumque
999 1427 1090 1459 sunt
1121 1420 1163 1458 111
1195 1433 1281 1459 eam

159 1474 401 1522 sententiam,
422 1488 502 1514 non
519 1475 596 1527 legi
624 1476 750 1514 solum
770 1474 929 1527 (quod
917 1487 1047 1527 lpsum
1066 1481 1146 1513 erat
1172 1474 1282 1512 fortis

161 1528 304 1580 aegroti,
321 1529 489 1581 accipere
501 1529 765 1578 medicinam),
781 1529 848 1568 sed
860 1529 901 1568 in
915 1541 1003 1568 mea
1014 1529 1128 1567 etiam
1143 1528 1285 1580 scripta

162 1582 340 1620 transtuli
355 1596 368 1629 3
398 1583 503 1635 quod
522 1591 620 1622 certe
639 1583 769 1623 afflicti
785 1591 822 1622 et
838 1583 948 1622 fracti
965 1582 1085 1621 animi
1098 1595 1176 1621 non
1194 1583 1283 1621 fuit.

165 1636 230 1674 Ab
248 1635 308 1674 his
326 1648 390 1676 me
407 1637 585 1677 remediis
602 1638 683 1677 noli
699 1638 740 1676 in
758 1638 872 1677 istam
890 1639 1046 1677 turbam
1066 1649 1212 1686 vocare,
1233 1649 1285 1675 ne

163 1690 343 1730 recidam.

386 1854 505 1907 (22.)
535 1855 747 1897 CICERO
775 1854 995 1895 ATTICO
1025 1855 1067 1894 3.

220 1963 283 2002 De
301 1963 486 2004 Terentia
507 1966 612 2017 quod
632 1964 730 2003 mihi
748 1978 862 2004 omne
886 1977 983 2004 onus
1005 1961 1186 2015 imponis,
1206 1975 1284 2001 non

166 2029 349 2068 cognosco
369 2025 475 2057 tuam
493 2018 534 2057 in
553 2033 616 2058 me
634 2019 927 2071 indulgentiam.
961 2019 1042 2057 Ista
1067 2017 1170 2055 enim
1197 2024 1287 2055 sunt

168 2072 250 2123 ipsa
270 2071 440 2119 vulnera,
461 2087 548 2125 quae
566 2086 642 2112 non
661 2087 817 2125 possum
837 2081 996 2113 tractare
1014 2072 1095 2110 sine
1114 2071 1286 2109 maximo

165 2125 325 2177 gemitu.
355 2126 556 2167 Moderare
586 2127 717 2180 igitur,
751 2141 896 2181 quaeso,
927 2136 970 2166 ut
994 2133 1128 2179 potes:
1159 2137 1285 2177 neque
