1487 2432
232 99 279 137 10
436 99 520 139 AD
544 100 830 141 ATTICUM.
860 101 961 140 Lm.
983 101 1059 140 IX.
1089 102 1128 139 6.

281 206 478 258 Equidem
496 208 594 246 illud
618 208 769 258 molior,
790 209 894 261 quod
919 216 962 247 tu
980 221 1114 247 mones
1142 219 1347 259 sperasque

228 259 310 298 fieri
330 274 450 309 posse,
471 271 515 300 ut
532 263 629 300 mihi
656 261 786 301 Caesar
804 263 996 310 concedat,
1017 269 1061 300 ut
1092 262 1231 309 absim,
1258 273 1348 298 cum

228 314 405 365 aliquid·
395 329 435 353 111
455 324 589 354 senatu
607 324 738 354 contra
757 317 920 355 Cnaeum
939 324 1101 367 agatur.
1132 315 1197 354 sed
1215 315 1347 362 timeo,

229 380 278 406 ne
296 380 373 407 non
391 369 604 421 impetrem.
635 371 754 409 Venit
773 373 821 409 ab
847 384 890 409 eo
910 370 1078 408 Furnius
1111 370 1175 421 (ut
1191 368 1350 420 quidem

231 422 340 471 scias,
361 437 456 474 quos
475 423 727 475 sequamur):
759 425 810 473 Q.
833 424 972 462 Titinii
1000 424 1126 462 filium
1151 435 1241 461 cum
1263 420 1350 460 Cae-

230 488 314 514 sare
338 490 418 515 esse
448 478 627 516 nuntiat·
617 507 628 524 ,
659 478 724 516 sed
752 478 866 516 illum
894 478 1057 527 majores
1084 476 1182 514 mihi
1210 475 1351 527 gratias

230 543 357 580 agere,
379 544 496 582 quam
517 532 667 570 v.ellem
699 532 807 580 Quid
826 540 956 570 autem
977 544 1041 569 me
1059 537 1179 582 roget,
1202 529 1353 591 (paucis

231 583 298 621 1110
317 585 441 636 quide
436 599 473 622 11
489 586 625 633 verbis,
647 586 712 624 sed
732 602 764 622 εν
785 585 836 622 δυ]
842 603 879 622 α
865 583 944 634 rm)
966 597 1146 636 cognosce
1165 597 1213 622 ex
1230 583 1352 647 ipsius

233 637 405 688 epistola.
435 639 506 677 Me
524 639 733 677 miserum!
766 639 871 691 quod
892 648 934 677 tu
966 651 1043 676 non
1066 637 1231 677 valuisti.
1262 634 1352 675 Una

229 690 345 730 fuisse
329 705 459 730 emuts
491 706 578 731 cons
580 694 692 731 ilium
711 702 809 732 certe
827 705 905 731 non
923 693 1116 740 defuisset,

559 788 623 819 Συν
644 797 684 818 τε
707 781 752 818 δυ’
773 797 953 834 §pyt-cluna}
970 811 1015 821 ...

233 854 311 892 Sed
340 862 422 893 acta
447 868 496 894 ne
518 869 703 907 agamus3
732 857 882 908 reliqua
908 869 1099 908 paremus.
1129 855 1202 894 Me
1229 853 1356 894 adhuc

233 908 314 946 haec
333 908 410 946 duo
433 910 675 955 fefellerunt3
705 910 814 948 initio
841 923 928 961 spes
953 908 1250 961 compositionis,
1277 922 1357 960 qua

233 962 348 1010 facta,
369 964 544 1001 volebam
570 964 628 1002 uti
649 964 826 1015 populari
848 964 943 1015 vita,
963 972 1000 1002 et
1025 962 1279 1001 sollicitudine
1296 975 1358 1000 se-

233 1024 427 1054 nectutem
456 1030 524 1055 nos
526 1025 625 1055 tram
653 1018 833 1063 liberari3
864 1013 1001 1055 deinde
1024 1017 1174 1055 bellum
1204 1015 1356 1054 crudele

232 1077 271 1107 et
291 1070 494 1108 exitiosum
514 1071 652 1122 suscipi
672 1085 694 1109 a
713 1071 899 1122 Pompeio
910 1071 1185 1121 intelligebam.
1214 1069 1358 1108 Melio-

234 1123 284 1160 ris
308 1124 474 1173 (medius
494 1124 628 1175 fidius)
647 1125 739 1163 civis
754 1134 790 1163 et
809 1125 881 1163 viri
894 1127 1094 1176 putabam,
1116 1123 1251 1176 quovis
1261 1135 1359 1175 sup-

235 1177 350 1228 plicio
369 1178 481 1224 affici,
504 1191 621 1229 quam
639 1178 697 1216 illi
712 1179 928 1217 crudelitati
945 1191 1023 1217 non
1042 1179 1168 1216 solum
1182 1190 1356 1229 praeesse,

235 1244 370 1270 verum
383 1232 498 1270 etiam
512 1233 702 1271 interesse.
733 1233 899 1271 Videtur
913 1234 974 1271 vel
985 1233 1083 1270 mori
1097 1232 1215 1270 satius
1225 1231 1357 1279 fuisse,

239 1299 356 1335 quam
377 1299 456 1323 esse
475 1299 564 1324 cum
583 1287 640 1325 iis.
670 1286 737 1324 Ad
753 1287 835 1325 haec
852 1286 971 1337 igitur
989 1286 1126 1337 cogita,
1146 1285 1203 1323 mi
1214 1285 1358 1333 Attice,

236 1339 298 1376 vel
315 1340 442 1390 potius
461 1341 645 1391 excogita.
672 1340 862 1388 Quemvis
878 1347 1057 1379 eventum
1068 1339 1204 1378 fortius
1221 1339 1359 1388 feram,

235 1406 359 1443 quam
377 1393 481 1432 hunc
499 1394 680 1433 dolorem.

389 1504 419 1524 ‘²
441 1503 587 1551 Caesar,
605 1505 711 1555 Imp.
739 1505 782 1543 S.
799 1504 855 1541 D.
878 1504 1073 1553 Ciceroni,
1093 1504 1201 1553 Imp.

294 1611 323 1632 “
346 1608 450 1649 Cum
478 1611 672 1649 Furnium
695 1619 870 1651 nostrum
894 1610 1047 1651 ‘tantum'
1073 1610 1268 1659 vidissem,
1294 1622 1366 1649 ne-

238 1675 315 1714 que
340 1664 448 1715 loqui
472 1677 597 1716 neque
623 1665 755 1704 audire
783 1678 870 1704 meo
896 1664 1096 1704 commodo
1120 1663 1359 1726 potuissem·
1345 1693 1359 1710 ,

237 1730 495 1768 properarem,
523 1727 638 1770 atque
668 1733 788 1758 essem
816 1720 858 1757 in
882 1719 1030 1766 itinere,
1054 1718 1260 1780 praemissis
1278 1719 1363 1780 jam

238 1771 479 1821 legionibus,
509 1774 703 1824 praeterire
722 1782 851 1812 tamen
869 1786 947 1812 non
965 1773 1089 1825 potui,
1105 1772 1200 1824 quin
1219 1779 1256 1810 et
1275 1772 1366 1811 scri-

240 1825 372 1863 berem
391 1825 441 1863 ad
459 1836 510 1873 te,
533 1834 569 1864 et
587 1827 701 1865 illum
719 1828 925 1875 mitterem,
945 1827 1163 1879 gratiasque
1181 1838 1363 1877 agerem:

242 1878 312 1916 etsi
330 1879 402 1917 hoc
419 1888 456 1918 et
474 1880 546 1918 feci
565 1894 677 1941 saepe,
692 1889 730 1920 et
747 1882 885 1944 saepius
903 1881 1000 1931 mihi
1018 1881 1189 1919 facturus
1207 1880 1364 1919 videor·
1351 1908 1364 1926 ‚

241 1932 296 1970 ita
327 1933 374 1971 de
402 1947 467 1972 me
495 1936 663 1973 mereris.
693 1934 742 1974 In
767 1936 901 1987 primis
930 1949 954 1974 a
985 1943 1023 1974 te
1048 1942 1152 1987 pem,
1179 1934 1363 1986 quoniam

244 1987 395 2025 confido
412 2000 476 2026 me
505 1988 672 2027 celeriter
696 1990 746 2028 ad
764 1991 914 2029 Urbem
942 1996 1165 2037 venturum,
1185 1995 1230 2026 ut
1254 1995 1292 2027 te
1309 1988 1365 2027 ibi

242 2040 408 2089 videam,
435 2050 481 2080 ut
505 2050 572 2080 tuo
599 2044 768 2093 consilio,
799 2044 938 2096 gratia,
964 2043 1164 2095 dignitate,
1189 2055 1262 2095 ope
1280 2055 1366 2080 om-

243 2094 355 2132 nium
373 2108 517 2144 rerum,
544 2097 602 2134 uti
623 2098 781 2149 possim.
810 2098 879 2136 Ad
906 2097 1147 2150 propositum
1172 2102 1362 2135 revertar:

241 2147 473 2187 festinationi
515 2163 611 2189 meae
656 2152 910 2204 brevitatique
944 2152 1144 2190 literarum
1177 2150 1363 2203 ignosces.

246 2202 414 2254 Reliqua
432 2217 480 2242 ex
499 2203 644 2244 Furnio
665 2218 877 2257 cognosces
882 2206 908 2224 ’⁹
